<body cz-shortcut-listen="true">
  <noscript
    ><iframe
      src="https://www.googletagmanager.com/ns.html?id=GTM-N9J2VZR"
      height="0"
      width="0"
      style="display: none; visibility: hidden"
    ></iframe
  ></noscript>
  <div id="app">
    <div data-test-id="page-shell-with-layout" class="content">
      <div data-test-id="categories-layout" class="categories-layout">
        <div
          data-test-id="header-component"
          class="categories-layout__header-container"
        >
          <!--[-->
          <div
            data-test-id="dia-header-component"
            class="dia-header"
            data-v-08c60012=""
          >
            <div
              class="dia-header__section dia-header__section--start"
              data-v-08c60012=""
            >
              <a
                data-test-id="header-logo"
                rel="external"
                href="/"
                class="header-logo dia-header__logo"
                data-v-08c60012=""
                data-v-a0b5f86b=""
                ><img
                  class="header-logo__image"
                  height="31"
                  width="56"
                  src="/plp-front/assets/static/logo-dia.1d2fd0a9.svg"
                  alt="LogoDia"
                  data-v-a0b5f86b=""
              /></a>
              <div class="dia-header__left-icons" data-v-08c60012="">
                <!--[-->
                <div class="category-button__mobile-container">
                  <button
                    data-test-id="mobile-category-button"
                    class="category-button__mobile dia-icon-dehaze"
                    aria-label="categories list menú button"
                  ></button>
                </div>
                <button
                  data-test-id="desktop-category-button"
                  type="button"
                  aria-label="dissabled categories list menú button"
                  class="category-button__disabled category-button dia-icon-dehaze"
                >
                  <p class="category-button__text--categories">
                    Productos
                  </p></button
                ><!----><!--]--><!---->
              </div>
              <a
                rel="external"
                href="/cart"
                class="cart-button dia-header__cart-icon"
                data-test-id="cart-btn"
                data-v-08c60012=""
                data-v-ca643d7c=""
                ><div class="cart-button__content" data-v-ca643d7c="">
                  <span
                    class="dia-icon-Vector-1"
                    data-test-id="cart-btn-icon"
                    data-v-ca643d7c=""
                  ></span>
                  <p
                    class="cart-button__text"
                    data-test-id="cart-btn-text"
                    data-v-ca643d7c=""
                  >
                    0,00&nbsp;€
                  </p>
                </div></a
              >
            </div>
            <div
              class="dia-header__section dia-header__section--middle"
              style="max-height: 64px"
              data-v-08c60012=""
            >
              <div
                data-test-id="search-item"
                class="dia-search"
                type="submit"
                reduced-back-call="true"
                data-v-08c60012=""
                data-v-99dcc3b6=""
              >
                <button
                  class="dia-search__button"
                  type="submit"
                  aria-label="search-bar search button"
                  data-v-99dcc3b6=""
                >
                  <span
                    class="dia-search__icon dia-icon-lupa"
                    data-v-99dcc3b6=""
                  ></span>
                </button>
                <div
                  class="dia-search__input-icon dia-search__input-icon"
                  data-v-99dcc3b6=""
                >
                  <input
                    value=""
                    data-test-id="search-input-item"
                    aria-label="search bar input"
                    class="dia-search__bar"
                    type="text"
                    autocomplete="off"
                    data-v-99dcc3b6=""
                  /><!---->
                </div>
              </div>
            </div>
            <div
              class="dia-header__section dia-header__section--end"
              data-test-id="dia-header-section-end"
              data-v-08c60012=""
            >
              <!--[-->
              <div
                class="postal-code-button"
                data-test-id="postal-code-btn"
                icontext="Elige tu código postal"
              >
                <span class="dia-icon-truck"></span>
                <p
                  class="postal-code-button__text"
                  data-test-id="postal-code-btn-text"
                >
                  Elige tu código postal
                </p>
              </div>
              <a
                rel="external"
                href="/my-account/orders-and-lists"
                class="orders-list-button"
                data-test-id="orders-list-btn"
                data-v-d69a20a3=""
                ><span class="dia-icon-list" data-v-d69a20a3=""></span>
                <p
                  class="orders-list-button__text"
                  data-test-id="orders-list-btn-text"
                  data-v-d69a20a3=""
                >
                  Pedidos y listas
                </p></a
              ><!----><a
                rel="external"
                href="/login?redirect=/my-account&amp;analytics_site_location=header"
                class="login-button"
                data-test-id="login-btn"
                data-v-6ac43115=""
                ><div class="login-button__icon" data-v-6ac43115="">
                  <span class="dia-icon-Union" data-v-6ac43115=""></span
                  ><em
                    class="dia-icon-in"
                    data-test-id="login-btn-icon"
                    data-v-6ac43115=""
                  ></em>
                </div>
                <p
                  class="login-button__text"
                  data-test-id="login-btn-text"
                  data-v-6ac43115=""
                >
                  Inicia sesión
                </p></a
              ><a
                rel="external"
                href="/cart"
                class="cart-button"
                data-test-id="cart-btn"
                data-v-ca643d7c=""
                ><div class="cart-button__content" data-v-ca643d7c="">
                  <span
                    class="dia-icon-Vector-1"
                    data-test-id="cart-btn-icon"
                    data-v-ca643d7c=""
                  ></span>
                  <p
                    class="cart-button__text"
                    data-test-id="cart-btn-text"
                    data-v-ca643d7c=""
                  >
                    0,00&nbsp;€
                  </p>
                </div></a
              ><!--]-->
            </div>
            <!---->
          </div>
          <!---->
          <div class="postal-code-main-modal" data-v-08c60012=""><!----></div>
          <!----><!--]-->
        </div>
        <div data-test-id="layout-content" class="categories-layout__content">
          <div
            class="categories-layout__left-content"
            data-test-id="categories-list-page-component"
          >
            <div class="categories-layout__left-content__list">
              <ul
                data-test-id="categories-list"
                class="categories-list categories-list--with-offer"
              >
                <!--[-->
                <li data-test-id="categories-list-element">
                  <!--[--><a
                    href="/freidora-de-aire-airfryer/c/L125"
                    data-test-id="category-item-link"
                    class="category-item-link"
                    ><div data-test-id="category-item" class="category-item">
                      <div class="category-item__category-content">
                        <div class="category-item__icon-container">
                          <img
                            data-test-id="category-item-icon"
                            class="category-item__icon"
                            width="32"
                            height="32"
                            src="/category_images/L125/L125_icon.png"
                            alt="category-Freidora de aire - Airfryer"
                          />
                        </div>
                        <span
                          data-test-id="category-item-title"
                          class="category-item__title"
                          >Freidora de aire - Airfryer</span
                        >
                      </div>
                      <span
                        data-test-id="category-item-symbol-icon"
                        class="dia-icon-plus category-item__symbol-icon"
                      ></span></div
                  ></a>
                  <div class="category-item__border-line"></div>
                  <!----><!--]-->
                </li>
                <li data-test-id="categories-list-element">
                  <!--[--><a
                    href="/charcuteria-y-quesos/c/L101"
                    data-test-id="category-item-link"
                    class="category-item-link"
                    ><div data-test-id="category-item" class="category-item">
                      <div class="category-item__category-content">
                        <div class="category-item__icon-container">
                          <img
                            data-test-id="category-item-icon"
                            class="category-item__icon"
                            width="32"
                            height="32"
                            src="/category_images/L101/L101_icon.png"
                            alt="category-Charcutería y quesos"
                          />
                        </div>
                        <span
                          data-test-id="category-item-title"
                          class="category-item__title--open"
                          >Charcutería y quesos</span
                        >
                      </div>
                      <span
                        data-test-id="category-item-symbol-icon"
                        class="category-item__symbol-icon dia-icon-minus category-item__symbol-icon--visible"
                      ></span></div
                  ></a>
                  <div class="category-item__border-line"></div>
                  <ul
                    data-test-id="sub-categories-list"
                    class="sub-category-list"
                    style="max-height: 460px"
                  >
                    <div
                      data-test-id="sub-category-item"
                      class="sub-category-item"
                      data-v-5a72812c=""
                    >
                      <a
                        data-test-id="sub-category-item-link"
                        class="sub-category-item__link"
                        href="/charcuteria-y-quesos/c/L101"
                        data-v-5a72812c=""
                        ><span
                          data-test-id="sub-category-item-bar"
                          class="sub-category-item__bar sub-category-item__bar-selected"
                          data-v-5a72812c=""
                        ></span
                        ><span
                          data-test-id="sub-category-item-title"
                          class="sub-category-item__text-selected"
                          data-v-5a72812c=""
                          >Todo charcutería y quesos</span
                        ></a
                      >
                    </div>
                    <div
                      data-test-id="sub-category-item"
                      class="sub-category-item"
                      data-v-5a72812c=""
                    >
                      <a
                        data-test-id="sub-category-item-link"
                        class="sub-category-item__link"
                        href="/charcuteria-y-quesos/jamon-cocido-lacon-fiambres-y-mortadela/c/L2001"
                        data-v-5a72812c=""
                        ><span
                          data-test-id="sub-category-item-bar"
                          class="sub-category-item__bar"
                          data-v-5a72812c=""
                        ></span
                        ><span
                          data-test-id="sub-category-item-title"
                          class="sub-category-item__text"
                          data-v-5a72812c=""
                          >Jamón cocido, lacón, fiambres y mortadela</span
                        ></a
                      >
                    </div>
                    <div
                      data-test-id="sub-category-item"
                      class="sub-category-item"
                      data-v-5a72812c=""
                    >
                      <a
                        data-test-id="sub-category-item-link"
                        class="sub-category-item__link"
                        href="/charcuteria-y-quesos/jamon-curado-y-paleta/c/L2004"
                        data-v-5a72812c=""
                        ><span
                          data-test-id="sub-category-item-bar"
                          class="sub-category-item__bar"
                          data-v-5a72812c=""
                        ></span
                        ><span
                          data-test-id="sub-category-item-title"
                          class="sub-category-item__text"
                          data-v-5a72812c=""
                          >Jamón curado y paleta</span
                        ></a
                      >
                    </div>
                    <div
                      data-test-id="sub-category-item"
                      class="sub-category-item"
                      data-v-5a72812c=""
                    >
                      <a
                        data-test-id="sub-category-item-link"
                        class="sub-category-item__link"
                        href="/charcuteria-y-quesos/lomo-chorizo-fuet-salchichon/c/L2005"
                        data-v-5a72812c=""
                        ><span
                          data-test-id="sub-category-item-bar"
                          class="sub-category-item__bar"
                          data-v-5a72812c=""
                        ></span
                        ><span
                          data-test-id="sub-category-item-title"
                          class="sub-category-item__text"
                          data-v-5a72812c=""
                          >Lomo, chorizo, fuet, salchichón</span
                        ></a
                      >
                    </div>
                    <div
                      data-test-id="sub-category-item"
                      class="sub-category-item"
                      data-v-5a72812c=""
                    >
                      <a
                        data-test-id="sub-category-item-link"
                        class="sub-category-item__link"
                        href="/charcuteria-y-quesos/queso-curado-semicurado-y-tierno/c/L2007"
                        data-v-5a72812c=""
                        ><span
                          data-test-id="sub-category-item-bar"
                          class="sub-category-item__bar"
                          data-v-5a72812c=""
                        ></span
                        ><span
                          data-test-id="sub-category-item-title"
                          class="sub-category-item__text"
                          data-v-5a72812c=""
                          >Queso curado, semicurado y tierno</span
                        ></a
                      >
                    </div>
                    <div
                      data-test-id="sub-category-item"
                      class="sub-category-item"
                      data-v-5a72812c=""
                    >
                      <a
                        data-test-id="sub-category-item-link"
                        class="sub-category-item__link"
                        href="/charcuteria-y-quesos/queso-fresco/c/L2008"
                        data-v-5a72812c=""
                        ><span
                          data-test-id="sub-category-item-bar"
                          class="sub-category-item__bar"
                          data-v-5a72812c=""
                        ></span
                        ><span
                          data-test-id="sub-category-item-title"
                          class="sub-category-item__text"
                          data-v-5a72812c=""
                          >Queso fresco</span
                        ></a
                      >
                    </div>
                    <div
                      data-test-id="sub-category-item"
                      class="sub-category-item"
                      data-v-5a72812c=""
                    >
                      <a
                        data-test-id="sub-category-item-link"
                        class="sub-category-item__link"
                        href="/charcuteria-y-quesos/queso-azul-y-roquefort/c/L2009"
                        data-v-5a72812c=""
                        ><span
                          data-test-id="sub-category-item-bar"
                          class="sub-category-item__bar"
                          data-v-5a72812c=""
                        ></span
                        ><span
                          data-test-id="sub-category-item-title"
                          class="sub-category-item__text"
                          data-v-5a72812c=""
                          >Queso azul y roquefort</span
                        ></a
                      >
                    </div>
                    <div
                      data-test-id="sub-category-item"
                      class="sub-category-item"
                      data-v-5a72812c=""
                    >
                      <a
                        data-test-id="sub-category-item-link"
                        class="sub-category-item__link"
                        href="/charcuteria-y-quesos/quesos-fundidos-y-cremas/c/L2010"
                        data-v-5a72812c=""
                        ><span
                          data-test-id="sub-category-item-bar"
                          class="sub-category-item__bar"
                          data-v-5a72812c=""
                        ></span
                        ><span
                          data-test-id="sub-category-item-title"
                          class="sub-category-item__text"
                          data-v-5a72812c=""
                          >Quesos fundidos y cremas</span
                        ></a
                      >
                    </div>
                    <div
                      data-test-id="sub-category-item"
                      class="sub-category-item"
                      data-v-5a72812c=""
                    >
                      <a
                        data-test-id="sub-category-item-link"
                        class="sub-category-item__link"
                        href="/charcuteria-y-quesos/quesos-internacionales/c/L2011"
                        data-v-5a72812c=""
                        ><span
                          data-test-id="sub-category-item-bar"
                          class="sub-category-item__bar"
                          data-v-5a72812c=""
                        ></span
                        ><span
                          data-test-id="sub-category-item-title"
                          class="sub-category-item__text"
                          data-v-5a72812c=""
                          >Quesos internacionales</span
                        ></a
                      >
                    </div>
                    <div
                      data-test-id="sub-category-item"
                      class="sub-category-item"
                      data-v-5a72812c=""
                    >
                      <a
                        data-test-id="sub-category-item-link"
                        class="sub-category-item__link"
                        href="/charcuteria-y-quesos/salchichas/c/L2206"
                        data-v-5a72812c=""
                        ><span
                          data-test-id="sub-category-item-bar"
                          class="sub-category-item__bar"
                          data-v-5a72812c=""
                        ></span
                        ><span
                          data-test-id="sub-category-item-title"
                          class="sub-category-item__text"
                          data-v-5a72812c=""
                          >Salchichas</span
                        ></a
                      >
                    </div>
                    <div
                      data-test-id="sub-category-item"
                      class="sub-category-item"
                      data-v-5a72812c=""
                    >
                      <a
                        data-test-id="sub-category-item-link"
                        class="sub-category-item__link"
                        href="/charcuteria-y-quesos/foie-pate-y-sobrasada/c/L2012"
                        data-v-5a72812c=""
                        ><span
                          data-test-id="sub-category-item-bar"
                          class="sub-category-item__bar"
                          data-v-5a72812c=""
                        ></span
                        ><span
                          data-test-id="sub-category-item-title"
                          class="sub-category-item__text"
                          data-v-5a72812c=""
                          >Foie, paté y sobrasada</span
                        ></a
                      >
                    </div>
                  </ul>
                  <!--]-->
                </li>
                <li data-test-id="categories-list-element">
                  <!--[--><a
                    href="/carniceria/c/L102"
                    data-test-id="category-item-link"
                    class="category-item-link"
                    ><div data-test-id="category-item" class="category-item">
                      <div class="category-item__category-content">
                        <div class="category-item__icon-container">
                          <img
                            data-test-id="category-item-icon"
                            class="category-item__icon"
                            width="32"
                            height="32"
                            src="/category_images/L102/L102_icon.png"
                            alt="category-Carnicería"
                          />
                        </div>
                        <span
                          data-test-id="category-item-title"
                          class="category-item__title"
                          >Carnicería</span
                        >
                      </div>
                      <span
                        data-test-id="category-item-symbol-icon"
                        class="dia-icon-plus category-item__symbol-icon"
                      ></span></div
                  ></a>
                  <div class="category-item__border-line"></div>
                  <!----><!--]-->
                </li>
                <li data-test-id="categories-list-element">
                  <!--[--><a
                    href="/pescados-mariscos-y-ahumados/c/L103"
                    data-test-id="category-item-link"
                    class="category-item-link"
                    ><div data-test-id="category-item" class="category-item">
                      <div class="category-item__category-content">
                        <div class="category-item__icon-container">
                          <img
                            data-test-id="category-item-icon"
                            class="category-item__icon"
                            width="32"
                            height="32"
                            src="/category_images/L103/L103_icon.png"
                            alt="category-Pescados, mariscos y ahumados"
                          />
                        </div>
                        <span
                          data-test-id="category-item-title"
                          class="category-item__title"
                          >Pescados, mariscos y ahumados</span
                        >
                      </div>
                      <span
                        data-test-id="category-item-symbol-icon"
                        class="dia-icon-plus category-item__symbol-icon"
                      ></span></div
                  ></a>
                  <div class="category-item__border-line"></div>
                  <!----><!--]-->
                </li>
                <li data-test-id="categories-list-element">
                  <!--[--><a
                    href="/verduras/c/L104"
                    data-test-id="category-item-link"
                    class="category-item-link"
                    ><div data-test-id="category-item" class="category-item">
                      <div class="category-item__category-content">
                        <div class="category-item__icon-container">
                          <img
                            data-test-id="category-item-icon"
                            class="category-item__icon"
                            width="32"
                            height="32"
                            src="/category_images/L104/L104_icon.png"
                            alt="category-Verduras"
                          />
                        </div>
                        <span
                          data-test-id="category-item-title"
                          class="category-item__title"
                          >Verduras</span
                        >
                      </div>
                      <span
                        data-test-id="category-item-symbol-icon"
                        class="dia-icon-plus category-item__symbol-icon"
                      ></span></div
                  ></a>
                  <div class="category-item__border-line"></div>
                  <!----><!--]-->
                </li>
                <li data-test-id="categories-list-element">
                  <!--[--><a
                    href="/frutas/c/L105"
                    data-test-id="category-item-link"
                    class="category-item-link"
                    ><div data-test-id="category-item" class="category-item">
                      <div class="category-item__category-content">
                        <div class="category-item__icon-container">
                          <img
                            data-test-id="category-item-icon"
                            class="category-item__icon"
                            width="32"
                            height="32"
                            src="/category_images/L105/L105_icon.png"
                            alt="category-Frutas"
                          />
                        </div>
                        <span
                          data-test-id="category-item-title"
                          class="category-item__title"
                          >Frutas</span
                        >
                      </div>
                      <span
                        data-test-id="category-item-symbol-icon"
                        class="dia-icon-plus category-item__symbol-icon"
                      ></span></div
                  ></a>
                  <div class="category-item__border-line"></div>
                  <!----><!--]-->
                </li>
                <li data-test-id="categories-list-element">
                  <!--[--><a
                    href="/leche-huevos-y-mantequilla/c/L108"
                    data-test-id="category-item-link"
                    class="category-item-link"
                    ><div data-test-id="category-item" class="category-item">
                      <div class="category-item__category-content">
                        <div class="category-item__icon-container">
                          <img
                            data-test-id="category-item-icon"
                            class="category-item__icon"
                            width="32"
                            height="32"
                            src="/category_images/L108/L108_icon.png"
                            alt="category-Leche, huevos y mantequilla"
                          />
                        </div>
                        <span
                          data-test-id="category-item-title"
                          class="category-item__title"
                          >Leche, huevos y mantequilla</span
                        >
                      </div>
                      <span
                        data-test-id="category-item-symbol-icon"
                        class="dia-icon-plus category-item__symbol-icon"
                      ></span></div
                  ></a>
                  <div class="category-item__border-line"></div>
                  <!----><!--]-->
                </li>
                <li data-test-id="categories-list-element">
                  <!--[--><a
                    href="/yogures-y-postres/c/L113"
                    data-test-id="category-item-link"
                    class="category-item-link"
                    ><div data-test-id="category-item" class="category-item">
                      <div class="category-item__category-content">
                        <div class="category-item__icon-container">
                          <img
                            data-test-id="category-item-icon"
                            class="category-item__icon"
                            width="32"
                            height="32"
                            src="/category_images/L113/L113_icon.png"
                            alt="category-Yogures y postres"
                          />
                        </div>
                        <span
                          data-test-id="category-item-title"
                          class="category-item__title"
                          >Yogures y postres</span
                        >
                      </div>
                      <span
                        data-test-id="category-item-symbol-icon"
                        class="dia-icon-plus category-item__symbol-icon"
                      ></span></div
                  ></a>
                  <div class="category-item__border-line"></div>
                  <!----><!--]-->
                </li>
                <li data-test-id="categories-list-element">
                  <!--[--><a
                    href="/arroz-pastas-y-legumbres/c/L106"
                    data-test-id="category-item-link"
                    class="category-item-link"
                    ><div data-test-id="category-item" class="category-item">
                      <div class="category-item__category-content">
                        <div class="category-item__icon-container">
                          <img
                            data-test-id="category-item-icon"
                            class="category-item__icon"
                            width="32"
                            height="32"
                            src="/category_images/L106/L106_icon.png"
                            alt="category-Arroz, pastas y legumbres"
                          />
                        </div>
                        <span
                          data-test-id="category-item-title"
                          class="category-item__title"
                          >Arroz, pastas y legumbres</span
                        >
                      </div>
                      <span
                        data-test-id="category-item-symbol-icon"
                        class="dia-icon-plus category-item__symbol-icon"
                      ></span></div
                  ></a>
                  <div class="category-item__border-line"></div>
                  <!----><!--]-->
                </li>
                <li data-test-id="categories-list-element">
                  <!--[--><a
                    href="/aceites-salsas-y-especias/c/L107"
                    data-test-id="category-item-link"
                    class="category-item-link"
                    ><div data-test-id="category-item" class="category-item">
                      <div class="category-item__category-content">
                        <div class="category-item__icon-container">
                          <img
                            data-test-id="category-item-icon"
                            class="category-item__icon"
                            width="32"
                            height="32"
                            src="/category_images/L107/L107_icon.png"
                            alt="category-Aceites, salsas y especias"
                          />
                        </div>
                        <span
                          data-test-id="category-item-title"
                          class="category-item__title"
                          >Aceites, salsas y especias</span
                        >
                      </div>
                      <span
                        data-test-id="category-item-symbol-icon"
                        class="dia-icon-plus category-item__symbol-icon"
                      ></span></div
                  ></a>
                  <div class="category-item__border-line"></div>
                  <!----><!--]-->
                </li>
                <li data-test-id="categories-list-element">
                  <!--[--><a
                    href="/conservas-caldos-y-cremas/c/L114"
                    data-test-id="category-item-link"
                    class="category-item-link"
                    ><div data-test-id="category-item" class="category-item">
                      <div class="category-item__category-content">
                        <div class="category-item__icon-container">
                          <img
                            data-test-id="category-item-icon"
                            class="category-item__icon"
                            width="32"
                            height="32"
                            src="/category_images/L114/L114_icon.png"
                            alt="category-Conservas, caldos y cremas"
                          />
                        </div>
                        <span
                          data-test-id="category-item-title"
                          class="category-item__title"
                          >Conservas, caldos y cremas</span
                        >
                      </div>
                      <span
                        data-test-id="category-item-symbol-icon"
                        class="dia-icon-plus category-item__symbol-icon"
                      ></span></div
                  ></a>
                  <div class="category-item__border-line"></div>
                  <!----><!--]-->
                </li>
                <li data-test-id="categories-list-element">
                  <!--[--><a
                    href="/panes-harinas-y-masas/c/L112"
                    data-test-id="category-item-link"
                    class="category-item-link"
                    ><div data-test-id="category-item" class="category-item">
                      <div class="category-item__category-content">
                        <div class="category-item__icon-container">
                          <img
                            data-test-id="category-item-icon"
                            class="category-item__icon"
                            width="32"
                            height="32"
                            src="/category_images/L112/L112_icon.png"
                            alt="category-Panes, harinas y masas"
                          />
                        </div>
                        <span
                          data-test-id="category-item-title"
                          class="category-item__title"
                          >Panes, harinas y masas</span
                        >
                      </div>
                      <span
                        data-test-id="category-item-symbol-icon"
                        class="dia-icon-plus category-item__symbol-icon"
                      ></span></div
                  ></a>
                  <div class="category-item__border-line"></div>
                  <!----><!--]-->
                </li>
                <li data-test-id="categories-list-element">
                  <!--[--><a
                    href="/cafe-cacao-e-infusiones/c/L109"
                    data-test-id="category-item-link"
                    class="category-item-link"
                    ><div data-test-id="category-item" class="category-item">
                      <div class="category-item__category-content">
                        <div class="category-item__icon-container">
                          <img
                            data-test-id="category-item-icon"
                            class="category-item__icon"
                            width="32"
                            height="32"
                            src="/category_images/L109/L109_icon.png"
                            alt="category-Café, cacao e infusiones"
                          />
                        </div>
                        <span
                          data-test-id="category-item-title"
                          class="category-item__title"
                          >Café, cacao e infusiones</span
                        >
                      </div>
                      <span
                        data-test-id="category-item-symbol-icon"
                        class="dia-icon-plus category-item__symbol-icon"
                      ></span></div
                  ></a>
                  <div class="category-item__border-line"></div>
                  <!----><!--]-->
                </li>
                <li data-test-id="categories-list-element">
                  <!--[--><a
                    href="/azucar-chocolates-y-caramelos/c/L110"
                    data-test-id="category-item-link"
                    class="category-item-link"
                    ><div data-test-id="category-item" class="category-item">
                      <div class="category-item__category-content">
                        <div class="category-item__icon-container">
                          <img
                            data-test-id="category-item-icon"
                            class="category-item__icon"
                            width="32"
                            height="32"
                            src="/category_images/L110/L110_icon.png"
                            alt="category-Azúcar, chocolates y caramelos"
                          />
                        </div>
                        <span
                          data-test-id="category-item-title"
                          class="category-item__title"
                          >Azúcar, chocolates y caramelos</span
                        >
                      </div>
                      <span
                        data-test-id="category-item-symbol-icon"
                        class="dia-icon-plus category-item__symbol-icon"
                      ></span></div
                  ></a>
                  <div class="category-item__border-line"></div>
                  <!----><!--]-->
                </li>
                <li data-test-id="categories-list-element">
                  <!--[--><a
                    href="/galletas-bollos-y-cereales/c/L111"
                    data-test-id="category-item-link"
                    class="category-item-link"
                    ><div data-test-id="category-item" class="category-item">
                      <div class="category-item__category-content">
                        <div class="category-item__icon-container">
                          <img
                            data-test-id="category-item-icon"
                            class="category-item__icon"
                            width="32"
                            height="32"
                            src="/category_images/L111/L111_icon.png"
                            alt="category-Galletas, bollos y cereales"
                          />
                        </div>
                        <span
                          data-test-id="category-item-title"
                          class="category-item__title"
                          >Galletas, bollos y cereales</span
                        >
                      </div>
                      <span
                        data-test-id="category-item-symbol-icon"
                        class="dia-icon-plus category-item__symbol-icon"
                      ></span></div
                  ></a>
                  <div class="category-item__border-line"></div>
                  <!----><!--]-->
                </li>
                <li data-test-id="categories-list-element">
                  <!--[--><a
                    href="/patatas-fritas-encurtidos-y-frutos-secos/c/L115"
                    data-test-id="category-item-link"
                    class="category-item-link"
                    ><div data-test-id="category-item" class="category-item">
                      <div class="category-item__category-content">
                        <div class="category-item__icon-container">
                          <img
                            data-test-id="category-item-icon"
                            class="category-item__icon"
                            width="32"
                            height="32"
                            src="/category_images/L115/L115_icon.png"
                            alt="category-Patatas fritas, encurtidos y frutos secos"
                          />
                        </div>
                        <span
                          data-test-id="category-item-title"
                          class="category-item__title"
                          >Patatas fritas, encurtidos y frutos secos</span
                        >
                      </div>
                      <span
                        data-test-id="category-item-symbol-icon"
                        class="dia-icon-plus category-item__symbol-icon"
                      ></span></div
                  ></a>
                  <div class="category-item__border-line"></div>
                  <!----><!--]-->
                </li>
                <li data-test-id="categories-list-element">
                  <!--[--><a
                    href="/pizzas-y-platos-preparados/c/L116"
                    data-test-id="category-item-link"
                    class="category-item-link"
                    ><div data-test-id="category-item" class="category-item">
                      <div class="category-item__category-content">
                        <div class="category-item__icon-container">
                          <img
                            data-test-id="category-item-icon"
                            class="category-item__icon"
                            width="32"
                            height="32"
                            src="/category_images/L116/L116_icon.png"
                            alt="category-Pizzas y platos preparados"
                          />
                        </div>
                        <span
                          data-test-id="category-item-title"
                          class="category-item__title"
                          >Pizzas y platos preparados</span
                        >
                      </div>
                      <span
                        data-test-id="category-item-symbol-icon"
                        class="dia-icon-plus category-item__symbol-icon"
                      ></span></div
                  ></a>
                  <div class="category-item__border-line"></div>
                  <!----><!--]-->
                </li>
                <li data-test-id="categories-list-element">
                  <!--[--><a
                    href="/congelados/c/L119"
                    data-test-id="category-item-link"
                    class="category-item-link"
                    ><div data-test-id="category-item" class="category-item">
                      <div class="category-item__category-content">
                        <div class="category-item__icon-container">
                          <img
                            data-test-id="category-item-icon"
                            class="category-item__icon"
                            width="32"
                            height="32"
                            src="/category_images/L119/L119_icon.png"
                            alt="category-Congelados"
                          />
                        </div>
                        <span
                          data-test-id="category-item-title"
                          class="category-item__title"
                          >Congelados</span
                        >
                      </div>
                      <span
                        data-test-id="category-item-symbol-icon"
                        class="dia-icon-plus category-item__symbol-icon"
                      ></span></div
                  ></a>
                  <div class="category-item__border-line"></div>
                  <!----><!--]-->
                </li>
                <li data-test-id="categories-list-element">
                  <!--[--><a
                    href="/agua-refrescos-y-zumos/c/L117"
                    data-test-id="category-item-link"
                    class="category-item-link"
                    ><div data-test-id="category-item" class="category-item">
                      <div class="category-item__category-content">
                        <div class="category-item__icon-container">
                          <img
                            data-test-id="category-item-icon"
                            class="category-item__icon"
                            width="32"
                            height="32"
                            src="/category_images/L117/L117_icon.png"
                            alt="category-Agua, refrescos y zumos"
                          />
                        </div>
                        <span
                          data-test-id="category-item-title"
                          class="category-item__title"
                          >Agua, refrescos y zumos</span
                        >
                      </div>
                      <span
                        data-test-id="category-item-symbol-icon"
                        class="dia-icon-plus category-item__symbol-icon"
                      ></span></div
                  ></a>
                  <div class="category-item__border-line"></div>
                  <!----><!--]-->
                </li>
                <li data-test-id="categories-list-element">
                  <!--[--><a
                    href="/cervezas-vinos-y-bebidas-con-alcohol/c/L118"
                    data-test-id="category-item-link"
                    class="category-item-link"
                    ><div data-test-id="category-item" class="category-item">
                      <div class="category-item__category-content">
                        <div class="category-item__icon-container">
                          <img
                            data-test-id="category-item-icon"
                            class="category-item__icon"
                            width="32"
                            height="32"
                            src="/category_images/L118/L118_icon.png"
                            alt="category-Cervezas, vinos y bebidas con alcohol"
                          />
                        </div>
                        <span
                          data-test-id="category-item-title"
                          class="category-item__title"
                          >Cervezas, vinos y bebidas con alcohol</span
                        >
                      </div>
                      <span
                        data-test-id="category-item-symbol-icon"
                        class="dia-icon-plus category-item__symbol-icon"
                      ></span></div
                  ></a>
                  <div class="category-item__border-line"></div>
                  <!----><!--]-->
                </li>
                <li data-test-id="categories-list-element">
                  <!--[--><a
                    href="/limpieza-y-hogar/c/L122"
                    data-test-id="category-item-link"
                    class="category-item-link"
                    ><div data-test-id="category-item" class="category-item">
                      <div class="category-item__category-content">
                        <div class="category-item__icon-container">
                          <img
                            data-test-id="category-item-icon"
                            class="category-item__icon"
                            width="32"
                            height="32"
                            src="/category_images/L122/L122_icon.png"
                            alt="category-Limpieza y hogar"
                          />
                        </div>
                        <span
                          data-test-id="category-item-title"
                          class="category-item__title"
                          >Limpieza y hogar</span
                        >
                      </div>
                      <span
                        data-test-id="category-item-symbol-icon"
                        class="dia-icon-plus category-item__symbol-icon"
                      ></span></div
                  ></a>
                  <div class="category-item__border-line"></div>
                  <!----><!--]-->
                </li>
                <li data-test-id="categories-list-element">
                  <!--[--><a
                    href="/perfumeria-higiene-salud/c/L121"
                    data-test-id="category-item-link"
                    class="category-item-link"
                    ><div data-test-id="category-item" class="category-item">
                      <div class="category-item__category-content">
                        <div class="category-item__icon-container">
                          <img
                            data-test-id="category-item-icon"
                            class="category-item__icon"
                            width="32"
                            height="32"
                            src="/category_images/L121/L121_icon.png"
                            alt="category-Perfumería, higiene, salud"
                          />
                        </div>
                        <span
                          data-test-id="category-item-title"
                          class="category-item__title"
                          >Perfumería, higiene, salud</span
                        >
                      </div>
                      <span
                        data-test-id="category-item-symbol-icon"
                        class="dia-icon-plus category-item__symbol-icon"
                      ></span></div
                  ></a>
                  <div class="category-item__border-line"></div>
                  <!----><!--]-->
                </li>
                <li data-test-id="categories-list-element">
                  <!--[--><a
                    href="/bebe/c/L120"
                    data-test-id="category-item-link"
                    class="category-item-link"
                    ><div data-test-id="category-item" class="category-item">
                      <div class="category-item__category-content">
                        <div class="category-item__icon-container">
                          <img
                            data-test-id="category-item-icon"
                            class="category-item__icon"
                            width="32"
                            height="32"
                            src="/category_images/L120/L120_icon.png"
                            alt="category-Bebé"
                          />
                        </div>
                        <span
                          data-test-id="category-item-title"
                          class="category-item__title"
                          >Bebé</span
                        >
                      </div>
                      <span
                        data-test-id="category-item-symbol-icon"
                        class="dia-icon-plus category-item__symbol-icon"
                      ></span></div
                  ></a>
                  <div class="category-item__border-line"></div>
                  <!----><!--]-->
                </li>
                <li data-test-id="categories-list-element">
                  <!--[--><a
                    href="/mascotas/c/L123"
                    data-test-id="category-item-link"
                    class="category-item-link"
                    ><div data-test-id="category-item" class="category-item">
                      <div class="category-item__category-content">
                        <div class="category-item__icon-container">
                          <img
                            data-test-id="category-item-icon"
                            class="category-item__icon"
                            width="32"
                            height="32"
                            src="/category_images/L123/L123_icon.png"
                            alt="category-Mascotas"
                          />
                        </div>
                        <span
                          data-test-id="category-item-title"
                          class="category-item__title"
                          >Mascotas</span
                        >
                      </div>
                      <span
                        data-test-id="category-item-symbol-icon"
                        class="dia-icon-plus category-item__symbol-icon"
                      ></span></div
                  ></a>
                  <div class="category-item__border-line"></div>
                  <!----><!--]-->
                </li>
                <!--]-->
              </ul>
              <!---->
            </div>
            <a
              href="/offers"
              data-test-id="category-offer-link"
              class="category-offer-link"
              ><div data-test-id="category-offer" class="category-offer">
                <div class="category-offer__category-content">
                  <div class="category-offer__icon-container">
                    <img
                      data-test-id="category-offer-icon"
                      class="category-offer__icon"
                      width="32"
                      height="32"
                      src="/category_images/L150/L150_icon.png"
                      alt="category-Ofertas"
                    />
                  </div>
                  <span
                    data-test-id="category-offer-title"
                    class="category-offer__title"
                    >Ofertas</span
                  >
                </div>
                <span
                  data-test-id="category-offer-symbol-icon"
                  class="category-offer__symbol-icon dia-icon-keyboard_arrow_right"
                ></span></div
            ></a>
          </div>
          <div
            data-test-id="right-content-section"
            class="categories-layout__right-content"
          >
            <!--[--><!--[--><!--[-->
            <div data-test-id="plp-l1" class="plp-l1" data-v-63417801="">
              <div
                data-test-id="plp-breadcrumb-l1"
                class="plp-breadcrumb-l1"
                data-v-63417801=""
              >
                <div class="plp-breadcrumb-l1__dia-home">
                  <a
                    class="plp-breadcrumb-l1__dia-home-anchor"
                    rel="external"
                    href="/"
                    aria-label="Volver"
                    ><span
                      class="plp-breadcrumb-l1__dia-home-arrow dia-icon-keyboard_arrow_left"
                    ></span
                    ><span class="plp-breadcrumb-l1__dia-home-title">Dia</span
                    ><span class="plp-breadcrumb-l1__separator-arrow"
                      >&gt;</span
                    ></a
                  >
                </div>
                <span class="plp-breadcrumb-l1__first-level-category"
                  >Charcutería y quesos</span
                ><span class="plp-breadcrumb-l1__total-items"> (648) </span>
              </div>
              <h1 class="plp-l1__category-title" data-v-63417801="">
                Charcutería y quesos
              </h1>
              <div data-v-63417801="">
                <div class="plp-l1__section" data-v-63417801="">
                  <div
                    class="first-section-l1"
                    data-test-id="first-section-l1"
                    data-v-63417801=""
                  >
                    <div
                      class="basic-section-l1"
                      data-test-id="basic-section-l1"
                    >
                      <a
                        class="basic-section-l1__category-name"
                        href="/charcuteria-y-quesos/jamon-cocido-lacon-fiambres-y-mortadela/c/L2001"
                        >Jamón cocido, lacón, fiambres y mortadela</a
                      >
                      <div class="basic-section-l1__content">
                        <ul
                          data-test-id="product-card-list"
                          class="basic-section-l1__product-card-list"
                        >
                          <!--[-->
                          <li
                            class="basic-section-l1__item-container"
                            data-test-id="product-card-273750"
                            style=""
                          >
                            <div
                              data-test-id="product-card"
                              class="search-product-card search-product-card__dia-border basic-section-l1__item"
                              brand="Nuestra Alacena de Dia"
                              expiration_days="0"
                              object_id="273750"
                              weight="0"
                              is-desktop="false"
                              is-tablet="true"
                              is-s-mobile-size="false"
                              is-tablet-portrait="true"
                              isvisible="true"
                            >
                              <div
                                data-test-id="search-product-card-top-section"
                                class="search-product-card__top-section"
                              >
                                <div
                                  class="search-product-card__aux-head"
                                ></div>
                                <div
                                  class="search-product-card__top-section-content"
                                >
                                  <div
                                    data-test-id="add-to-list-button"
                                    class="add-to-list-button"
                                  >
                                    <span
                                      data-test-id="add-to-list-button-simple-button"
                                      class="add-to-list-button__simple-button"
                                      ><span
                                        class="add-to-list-button__simple-button--initial dia-icon-list"
                                      ></span
                                    ></span>
                                  </div>
                                  <div
                                    class="add-product-to-lists-all-modals"
                                    data-test-id="add-product-to-lists-all-modals"
                                  >
                                    <!----><!----><!---->
                                  </div>
                                  <a
                                    rel="external"
                                    href="/charcuteria-y-quesos/jamon-cocido-lacon-fiambres-y-mortadela/p/273750"
                                    data-test-id="search-product-card-image-url"
                                    class="search-product-card__product-image-link"
                                    ><img
                                      width="176"
                                      height="176"
                                      data-test-id="search-product-card-image"
                                      class="search-product-card__product-image"
                                      src="/product_images/273750/273750_ISO_0_ES.jpg?imwidth=176"
                                      alt="Bacon en tiras Nuestra Alacena de Dia bandeja 2 x 100 g" /></a
                                  ><a
                                    rel="external"
                                    href="/charcuteria-y-quesos/jamon-cocido-lacon-fiambres-y-mortadela/p/273750"
                                    data-test-id="search-product-card-name"
                                    class="search-product-card__product-link"
                                    ><p
                                      class="search-product-card__product-name"
                                    >
                                      Bacon en tiras Nuestra Alacena de Dia
                                      bandeja 2 x 100 g
                                    </p></a
                                  >
                                  <p
                                    data-test-id="search-product-card-info"
                                    class="search-product-card__product-info"
                                  >
                                    Sin gluten | Sin lactosa
                                  </p>
                                </div>
                              </div>
                              <div
                                data-test-id="search-product-card-bottom-section"
                                class="search-product-card__bottom-section"
                              >
                                <div
                                  class="product-special-offer"
                                  data-test-id="product-special-offer"
                                >
                                  <!----><!----><!----><!----><!---->
                                </div>
                                <!----><!---->
                                <div
                                  data-test-id="search-product-card-prices"
                                  class="search-product-card__prices"
                                >
                                  <p
                                    data-test-id="search-product-card-unit-price"
                                    class="search-product-card__active-price"
                                  >
                                    1,84&nbsp;€
                                  </p>
                                  <p
                                    data-test-id="search-product-card-kilo-price"
                                    class="search-product-card__price-per-unit"
                                  >
                                    (9,20&nbsp;€/KILO)
                                  </p>
                                </div>
                                <div
                                  class="add-2-cart search-product-card__bottom-buttons"
                                  in-carousel="false"
                                >
                                  <button
                                    aria-label="add to cart button"
                                    class="add-2-cart__basic-button add-2-cart__basic-button--enabled"
                                    data-test-id="add2cart-basic-button"
                                  >
                                    Añadir</button
                                  ><!---->
                                </div>
                              </div>
                            </div>
                          </li>
                          <li
                            class="basic-section-l1__item-container"
                            data-test-id="product-card-273810"
                            style=""
                          >
                            <div
                              data-test-id="product-card"
                              class="search-product-card search-product-card__dia-border basic-section-l1__item"
                              brand="Nuestra Alacena de Dia"
                              expiration_days="0"
                              object_id="273810"
                              weight="0"
                              is-desktop="false"
                              is-tablet="true"
                              is-s-mobile-size="false"
                              is-tablet-portrait="true"
                              isvisible="true"
                            >
                              <div
                                data-test-id="search-product-card-top-section"
                                class="search-product-card__top-section"
                              >
                                <div
                                  class="search-product-card__aux-head"
                                ></div>
                                <div
                                  class="search-product-card__top-section-content"
                                >
                                  <div
                                    data-test-id="add-to-list-button"
                                    class="add-to-list-button"
                                  >
                                    <span
                                      data-test-id="add-to-list-button-simple-button"
                                      class="add-to-list-button__simple-button"
                                      ><span
                                        class="add-to-list-button__simple-button--initial dia-icon-list"
                                      ></span
                                    ></span>
                                  </div>
                                  <div
                                    class="add-product-to-lists-all-modals"
                                    data-test-id="add-product-to-lists-all-modals"
                                  >
                                    <!----><!----><!---->
                                  </div>
                                  <a
                                    rel="external"
                                    href="/charcuteria-y-quesos/jamon-cocido-lacon-fiambres-y-mortadela/p/273810"
                                    data-test-id="search-product-card-image-url"
                                    class="search-product-card__product-image-link"
                                    ><img
                                      width="176"
                                      height="176"
                                      data-test-id="search-product-card-image"
                                      class="search-product-card__product-image"
                                      src="/product_images/273810/273810_ISO_0_ES.jpg?imwidth=176"
                                      alt="Pechuga de pavo Nuestra Alacena de Dia sobre 2 x 200 g" /></a
                                  ><a
                                    rel="external"
                                    href="/charcuteria-y-quesos/jamon-cocido-lacon-fiambres-y-mortadela/p/273810"
                                    data-test-id="search-product-card-name"
                                    class="search-product-card__product-link"
                                    ><p
                                      class="search-product-card__product-name"
                                    >
                                      Pechuga de pavo Nuestra Alacena de Dia
                                      sobre 2 x 200 g
                                    </p></a
                                  >
                                  <p
                                    data-test-id="search-product-card-info"
                                    class="search-product-card__product-info"
                                  >
                                    Sin gluten | Sin lactosa
                                  </p>
                                </div>
                              </div>
                              <div
                                data-test-id="search-product-card-bottom-section"
                                class="search-product-card__bottom-section"
                              >
                                <div
                                  class="product-special-offer"
                                  data-test-id="product-special-offer"
                                >
                                  <!----><!----><!----><!----><!---->
                                </div>
                                <!----><!---->
                                <div
                                  data-test-id="search-product-card-prices"
                                  class="search-product-card__prices"
                                >
                                  <p
                                    data-test-id="search-product-card-unit-price"
                                    class="search-product-card__active-price"
                                  >
                                    4,09&nbsp;€
                                  </p>
                                  <p
                                    data-test-id="search-product-card-kilo-price"
                                    class="search-product-card__price-per-unit"
                                  >
                                    (10,23&nbsp;€/KILO)
                                  </p>
                                </div>
                                <div
                                  class="add-2-cart search-product-card__bottom-buttons"
                                  in-carousel="false"
                                >
                                  <button
                                    aria-label="add to cart button"
                                    class="add-2-cart__basic-button add-2-cart__basic-button--enabled"
                                    data-test-id="add2cart-basic-button"
                                  >
                                    Añadir</button
                                  ><!---->
                                </div>
                              </div>
                            </div>
                          </li>
                          <li
                            class="basic-section-l1__item-container"
                            data-test-id="product-card-273957"
                            style=""
                          >
                            <div
                              data-test-id="product-card"
                              class="search-product-card search-product-card__dia-border basic-section-l1__item"
                              brand="Nuestra Alacena de Dia"
                              expiration_days="0"
                              object_id="273957"
                              weight="0"
                              is-desktop="false"
                              is-tablet="true"
                              is-s-mobile-size="false"
                              is-tablet-portrait="true"
                              isvisible="true"
                            >
                              <div
                                data-test-id="search-product-card-top-section"
                                class="search-product-card__top-section"
                              >
                                <div
                                  class="search-product-card__aux-head"
                                ></div>
                                <div
                                  class="search-product-card__top-section-content"
                                >
                                  <div
                                    data-test-id="add-to-list-button"
                                    class="add-to-list-button"
                                  >
                                    <span
                                      data-test-id="add-to-list-button-simple-button"
                                      class="add-to-list-button__simple-button"
                                      ><span
                                        class="add-to-list-button__simple-button--initial dia-icon-list"
                                      ></span
                                    ></span>
                                  </div>
                                  <div
                                    class="add-product-to-lists-all-modals"
                                    data-test-id="add-product-to-lists-all-modals"
                                  >
                                    <!----><!----><!---->
                                  </div>
                                  <a
                                    rel="external"
                                    href="/charcuteria-y-quesos/jamon-cocido-lacon-fiambres-y-mortadela/p/273957"
                                    data-test-id="search-product-card-image-url"
                                    class="search-product-card__product-image-link"
                                    ><img
                                      width="176"
                                      height="176"
                                      data-test-id="search-product-card-image"
                                      class="search-product-card__product-image"
                                      src="/product_images/273957/273957_ISO_0_ES.jpg?imwidth=176"
                                      alt="Jamón cocido extra Nuestra Alacena de Dia sobre 2 x 225 g" /></a
                                  ><a
                                    rel="external"
                                    href="/charcuteria-y-quesos/jamon-cocido-lacon-fiambres-y-mortadela/p/273957"
                                    data-test-id="search-product-card-name"
                                    class="search-product-card__product-link"
                                    ><p
                                      class="search-product-card__product-name"
                                    >
                                      Jamón cocido extra Nuestra Alacena de Dia
                                      sobre 2 x 225 g
                                    </p></a
                                  >
                                  <p
                                    data-test-id="search-product-card-info"
                                    class="search-product-card__product-info"
                                  >
                                    Sin gluten | Sin lactosa
                                  </p>
                                </div>
                              </div>
                              <div
                                data-test-id="search-product-card-bottom-section"
                                class="search-product-card__bottom-section"
                              >
                                <div
                                  class="product-special-offer"
                                  data-test-id="product-special-offer"
                                >
                                  <!----><!----><!----><!----><!---->
                                </div>
                                <!----><!---->
                                <div
                                  data-test-id="search-product-card-prices"
                                  class="search-product-card__prices"
                                >
                                  <p
                                    data-test-id="search-product-card-unit-price"
                                    class="search-product-card__active-price"
                                  >
                                    3,45&nbsp;€
                                  </p>
                                  <p
                                    data-test-id="search-product-card-kilo-price"
                                    class="search-product-card__price-per-unit"
                                  >
                                    (7,67&nbsp;€/KILO)
                                  </p>
                                </div>
                                <div
                                  class="add-2-cart search-product-card__bottom-buttons"
                                  in-carousel="false"
                                >
                                  <button
                                    aria-label="add to cart button"
                                    class="add-2-cart__basic-button add-2-cart__basic-button--enabled"
                                    data-test-id="add2cart-basic-button"
                                  >
                                    Añadir</button
                                  ><!---->
                                </div>
                              </div>
                            </div>
                          </li>
                          <li
                            class="basic-section-l1__item-container"
                            data-test-id="product-card-273737"
                            style=""
                          >
                            <div
                              data-test-id="product-card"
                              class="search-product-card search-product-card__dia-border basic-section-l1__item"
                              brand="Nuestra Alacena de Dia"
                              expiration_days="0"
                              object_id="273737"
                              weight="0"
                              is-desktop="false"
                              is-tablet="true"
                              is-s-mobile-size="false"
                              is-tablet-portrait="true"
                              isvisible="true"
                            >
                              <div
                                data-test-id="search-product-card-top-section"
                                class="search-product-card__top-section"
                              >
                                <div
                                  class="search-product-card__aux-head"
                                ></div>
                                <div
                                  class="search-product-card__top-section-content"
                                >
                                  <div
                                    data-test-id="add-to-list-button"
                                    class="add-to-list-button"
                                  >
                                    <span
                                      data-test-id="add-to-list-button-simple-button"
                                      class="add-to-list-button__simple-button"
                                      ><span
                                        class="add-to-list-button__simple-button--initial dia-icon-list"
                                      ></span
                                    ></span>
                                  </div>
                                  <div
                                    class="add-product-to-lists-all-modals"
                                    data-test-id="add-product-to-lists-all-modals"
                                  >
                                    <!----><!----><!---->
                                  </div>
                                  <a
                                    rel="external"
                                    href="/charcuteria-y-quesos/jamon-cocido-lacon-fiambres-y-mortadela/p/273737"
                                    data-test-id="search-product-card-image-url"
                                    class="search-product-card__product-image-link"
                                    ><img
                                      width="176"
                                      height="176"
                                      data-test-id="search-product-card-image"
                                      class="search-product-card__product-image"
                                      src="/product_images/273737/273737_ISO_0_ES.jpg?imwidth=176"
                                      alt="Jamón cocido extra 97% carne Nuestra Alacena de Dia sobre 150 g" /></a
                                  ><a
                                    rel="external"
                                    href="/charcuteria-y-quesos/jamon-cocido-lacon-fiambres-y-mortadela/p/273737"
                                    data-test-id="search-product-card-name"
                                    class="search-product-card__product-link"
                                    ><p
                                      class="search-product-card__product-name"
                                    >
                                      Jamón cocido extra 97% carne Nuestra
                                      Alacena de Dia sobre 150 g
                                    </p></a
                                  >
                                  <p
                                    data-test-id="search-product-card-info"
                                    class="search-product-card__product-info"
                                  >
                                    Sin gluten | Sin lactosa
                                  </p>
                                </div>
                              </div>
                              <div
                                data-test-id="search-product-card-bottom-section"
                                class="search-product-card__bottom-section"
                              >
                                <div
                                  class="product-special-offer"
                                  data-test-id="product-special-offer"
                                >
                                  <!----><!----><!----><!----><!---->
                                </div>
                                <!----><!---->
                                <div
                                  data-test-id="search-product-card-prices"
                                  class="search-product-card__prices"
                                >
                                  <p
                                    data-test-id="search-product-card-unit-price"
                                    class="search-product-card__active-price"
                                  >
                                    1,99&nbsp;€
                                  </p>
                                  <p
                                    data-test-id="search-product-card-kilo-price"
                                    class="search-product-card__price-per-unit"
                                  >
                                    (13,27&nbsp;€/KILO)
                                  </p>
                                </div>
                                <div
                                  class="add-2-cart search-product-card__bottom-buttons"
                                  in-carousel="false"
                                >
                                  <button
                                    aria-label="add to cart button"
                                    class="add-2-cart__basic-button add-2-cart__basic-button--enabled"
                                    data-test-id="add2cart-basic-button"
                                  >
                                    Añadir</button
                                  ><!---->
                                </div>
                              </div>
                            </div>
                          </li>
                          <!--]-->
                        </ul>
                        <div class="basic-section-l1__view-category">
                          <a
                            rel="nofollow"
                            href="/charcuteria-y-quesos/jamon-cocido-lacon-fiambres-y-mortadela/c/L2001"
                            >Ver todos</a
                          >
                        </div>
                      </div>
                    </div>
                    <div class="first-section__ad-placements">
                      <div
                        class="simple-or-display-banner"
                        data-test-id="simple-or-display-banner"
                      >
                        <!----><!---->
                      </div>
                    </div>
                  </div>
                </div>
                <div class="plp-l1__section" data-v-63417801="">
                  <div
                    class="second-section-l1"
                    data-test-id="second-section-l1"
                    data-v-63417801=""
                  >
                    <ul>
                      <!--[-->
                      <li>
                        <div
                          class="basic-section-l1"
                          data-test-id="basic-section-l1"
                        >
                          <a
                            class="basic-section-l1__category-name"
                            href="/charcuteria-y-quesos/jamon-curado-y-paleta/c/L2004"
                            >Jamón curado y paleta</a
                          >
                          <div class="basic-section-l1__content">
                            <ul
                              data-test-id="product-card-list"
                              class="basic-section-l1__product-card-list"
                            >
                              <!--[-->
                              <li
                                class="basic-section-l1__item-container"
                                data-test-id="product-card-274057"
                                style=""
                              >
                                <div
                                  data-test-id="product-card"
                                  class="search-product-card search-product-card__dia-border basic-section-l1__item"
                                  brand="Nuestra Alacena de Dia"
                                  expiration_days="0"
                                  object_id="274057"
                                  weight="0"
                                  is-desktop="false"
                                  is-tablet="true"
                                  is-s-mobile-size="false"
                                  is-tablet-portrait="true"
                                  isvisible="true"
                                >
                                  <div
                                    data-test-id="search-product-card-top-section"
                                    class="search-product-card__top-section"
                                  >
                                    <div
                                      class="search-product-card__aux-head"
                                    ></div>
                                    <div
                                      class="search-product-card__top-section-content"
                                    >
                                      <div
                                        data-test-id="add-to-list-button"
                                        class="add-to-list-button"
                                      >
                                        <span
                                          data-test-id="add-to-list-button-simple-button"
                                          class="add-to-list-button__simple-button"
                                          ><span
                                            class="add-to-list-button__simple-button--initial dia-icon-list"
                                          ></span
                                        ></span>
                                      </div>
                                      <div
                                        class="add-product-to-lists-all-modals"
                                        data-test-id="add-product-to-lists-all-modals"
                                      >
                                        <!----><!----><!---->
                                      </div>
                                      <a
                                        rel="external"
                                        href="/charcuteria-y-quesos/jamon-curado-y-paleta/p/274057"
                                        data-test-id="search-product-card-image-url"
                                        class="search-product-card__product-image-link"
                                        ><img
                                          width="176"
                                          height="176"
                                          data-test-id="search-product-card-image"
                                          class="search-product-card__product-image"
                                          src="/product_images/274057/274057_ISO_0_ES.jpg?imwidth=176"
                                          alt="Jamón de cebo ibérico 50% Nuestra Alacena de Dia bandeja 90 g" /></a
                                      ><a
                                        rel="external"
                                        href="/charcuteria-y-quesos/jamon-curado-y-paleta/p/274057"
                                        data-test-id="search-product-card-name"
                                        class="search-product-card__product-link"
                                        ><p
                                          class="search-product-card__product-name"
                                        >
                                          Jamón de cebo ibérico 50% Nuestra
                                          Alacena de Dia bandeja 90 g
                                        </p></a
                                      ><!---->
                                    </div>
                                  </div>
                                  <div
                                    data-test-id="search-product-card-bottom-section"
                                    class="search-product-card__bottom-section"
                                  >
                                    <div
                                      class="product-special-offer"
                                      data-test-id="product-special-offer"
                                    >
                                      <!----><!----><!----><!----><!---->
                                    </div>
                                    <!----><!---->
                                    <div
                                      data-test-id="search-product-card-prices"
                                      class="search-product-card__prices"
                                    >
                                      <p
                                        data-test-id="search-product-card-unit-price"
                                        class="search-product-card__active-price"
                                      >
                                        4,99&nbsp;€
                                      </p>
                                      <p
                                        data-test-id="search-product-card-kilo-price"
                                        class="search-product-card__price-per-unit"
                                      >
                                        (55,44&nbsp;€/KILO)
                                      </p>
                                    </div>
                                    <div
                                      class="add-2-cart search-product-card__bottom-buttons"
                                      in-carousel="false"
                                    >
                                      <button
                                        aria-label="add to cart button"
                                        class="add-2-cart__basic-button add-2-cart__basic-button--enabled"
                                        data-test-id="add2cart-basic-button"
                                      >
                                        Añadir</button
                                      ><!---->
                                    </div>
                                  </div>
                                </div>
                              </li>
                              <li
                                class="basic-section-l1__item-container"
                                data-test-id="product-card-274058"
                                style=""
                              >
                                <div
                                  data-test-id="product-card"
                                  class="search-product-card search-product-card__dia-border basic-section-l1__item"
                                  brand="Nuestra Alacena de Dia"
                                  expiration_days="0"
                                  object_id="274058"
                                  weight="0"
                                  is-desktop="false"
                                  is-tablet="true"
                                  is-s-mobile-size="false"
                                  is-tablet-portrait="true"
                                  isvisible="true"
                                >
                                  <div
                                    data-test-id="search-product-card-top-section"
                                    class="search-product-card__top-section"
                                  >
                                    <div
                                      class="search-product-card__aux-head"
                                    ></div>
                                    <div
                                      class="search-product-card__top-section-content"
                                    >
                                      <div
                                        data-test-id="add-to-list-button"
                                        class="add-to-list-button"
                                      >
                                        <span
                                          data-test-id="add-to-list-button-simple-button"
                                          class="add-to-list-button__simple-button"
                                          ><span
                                            class="add-to-list-button__simple-button--initial dia-icon-list"
                                          ></span
                                        ></span>
                                      </div>
                                      <div
                                        class="add-product-to-lists-all-modals"
                                        data-test-id="add-product-to-lists-all-modals"
                                      >
                                        <!----><!----><!---->
                                      </div>
                                      <a
                                        rel="external"
                                        href="/charcuteria-y-quesos/jamon-curado-y-paleta/p/274058"
                                        data-test-id="search-product-card-image-url"
                                        class="search-product-card__product-image-link"
                                        ><img
                                          width="176"
                                          height="176"
                                          data-test-id="search-product-card-image"
                                          class="search-product-card__product-image"
                                          src="/product_images/274058/274058_ISO_0_ES.jpg?imwidth=176"
                                          alt="Paleta de cebo ibérica 50% Nuestra Alacena de Dia bandeja 100 g" /></a
                                      ><a
                                        rel="external"
                                        href="/charcuteria-y-quesos/jamon-curado-y-paleta/p/274058"
                                        data-test-id="search-product-card-name"
                                        class="search-product-card__product-link"
                                        ><p
                                          class="search-product-card__product-name"
                                        >
                                          Paleta de cebo ibérica 50% Nuestra
                                          Alacena de Dia bandeja 100 g
                                        </p></a
                                      ><!---->
                                    </div>
                                  </div>
                                  <div
                                    data-test-id="search-product-card-bottom-section"
                                    class="search-product-card__bottom-section"
                                  >
                                    <div
                                      class="product-special-offer"
                                      data-test-id="product-special-offer"
                                    >
                                      <!----><!----><!----><!----><!---->
                                    </div>
                                    <!----><!---->
                                    <div
                                      data-test-id="search-product-card-prices"
                                      class="search-product-card__prices"
                                    >
                                      <p
                                        data-test-id="search-product-card-unit-price"
                                        class="search-product-card__active-price"
                                      >
                                        4,99&nbsp;€
                                      </p>
                                      <p
                                        data-test-id="search-product-card-kilo-price"
                                        class="search-product-card__price-per-unit"
                                      >
                                        (49,90&nbsp;€/KILO)
                                      </p>
                                    </div>
                                    <div
                                      class="add-2-cart search-product-card__bottom-buttons"
                                      in-carousel="false"
                                    >
                                      <button
                                        aria-label="add to cart button"
                                        class="add-2-cart__basic-button add-2-cart__basic-button--enabled"
                                        data-test-id="add2cart-basic-button"
                                      >
                                        Añadir</button
                                      ><!---->
                                    </div>
                                  </div>
                                </div>
                              </li>
                              <li
                                class="basic-section-l1__item-container"
                                data-test-id="product-card-274051"
                                style=""
                              >
                                <div
                                  data-test-id="product-card"
                                  class="search-product-card search-product-card__dia-border basic-section-l1__item"
                                  brand="Nuestra Alacena de Dia"
                                  expiration_days="0"
                                  object_id="274051"
                                  weight="0"
                                  is-desktop="false"
                                  is-tablet="true"
                                  is-s-mobile-size="false"
                                  is-tablet-portrait="true"
                                  isvisible="true"
                                >
                                  <div
                                    data-test-id="search-product-card-top-section"
                                    class="search-product-card__top-section"
                                  >
                                    <div
                                      class="search-product-card__aux-head"
                                    ></div>
                                    <div
                                      class="search-product-card__top-section-content"
                                    >
                                      <div
                                        data-test-id="add-to-list-button"
                                        class="add-to-list-button"
                                      >
                                        <span
                                          data-test-id="add-to-list-button-simple-button"
                                          class="add-to-list-button__simple-button"
                                          ><span
                                            class="add-to-list-button__simple-button--initial dia-icon-list"
                                          ></span
                                        ></span>
                                      </div>
                                      <div
                                        class="add-product-to-lists-all-modals"
                                        data-test-id="add-product-to-lists-all-modals"
                                      >
                                        <!----><!----><!---->
                                      </div>
                                      <a
                                        rel="external"
                                        href="/charcuteria-y-quesos/jamon-curado-y-paleta/p/274051"
                                        data-test-id="search-product-card-image-url"
                                        class="search-product-card__product-image-link"
                                        ><img
                                          width="176"
                                          height="176"
                                          data-test-id="search-product-card-image"
                                          class="search-product-card__product-image"
                                          src="/product_images/274051/274051_ISO_0_ES.jpg?imwidth=176"
                                          alt="Jamón Serrano reserva Nuestra Alacena de Dia bandeja 200 g" /></a
                                      ><a
                                        rel="external"
                                        href="/charcuteria-y-quesos/jamon-curado-y-paleta/p/274051"
                                        data-test-id="search-product-card-name"
                                        class="search-product-card__product-link"
                                        ><p
                                          class="search-product-card__product-name"
                                        >
                                          Jamón Serrano reserva Nuestra Alacena
                                          de Dia bandeja 200 g
                                        </p></a
                                      >
                                      <p
                                        data-test-id="search-product-card-info"
                                        class="search-product-card__product-info"
                                      >
                                        Sin gluten | Sin lactosa
                                      </p>
                                    </div>
                                  </div>
                                  <div
                                    data-test-id="search-product-card-bottom-section"
                                    class="search-product-card__bottom-section"
                                  >
                                    <div
                                      class="product-special-offer"
                                      data-test-id="product-special-offer"
                                    >
                                      <!----><!----><!----><!----><!---->
                                    </div>
                                    <!----><!---->
                                    <div
                                      data-test-id="search-product-card-prices"
                                      class="search-product-card__prices"
                                    >
                                      <p
                                        data-test-id="search-product-card-unit-price"
                                        class="search-product-card__active-price"
                                      >
                                        3,69&nbsp;€
                                      </p>
                                      <p
                                        data-test-id="search-product-card-kilo-price"
                                        class="search-product-card__price-per-unit"
                                      >
                                        (18,45&nbsp;€/KILO)
                                      </p>
                                    </div>
                                    <div
                                      class="add-2-cart search-product-card__bottom-buttons"
                                      in-carousel="false"
                                    >
                                      <button
                                        aria-label="add to cart button"
                                        class="add-2-cart__basic-button add-2-cart__basic-button--enabled"
                                        data-test-id="add2cart-basic-button"
                                      >
                                        Añadir</button
                                      ><!---->
                                    </div>
                                  </div>
                                </div>
                              </li>
                              <li
                                class="basic-section-l1__item-container"
                                data-test-id="product-card-274052"
                                style=""
                              >
                                <div
                                  data-test-id="product-card"
                                  class="search-product-card search-product-card__club-dia-border basic-section-l1__item"
                                  brand="Nuestra Alacena de Dia"
                                  expiration_days="0"
                                  object_id="274052"
                                  weight="0"
                                  is-desktop="false"
                                  is-tablet="true"
                                  is-s-mobile-size="false"
                                  is-tablet-portrait="true"
                                  isvisible="true"
                                >
                                  <div
                                    data-test-id="search-product-card-top-section"
                                    class="search-product-card__top-section"
                                  >
                                    <div>
                                      <p
                                        data-test-id="search-product-card-dia-club"
                                        class="search-product-card__dia-club"
                                      >
                                        Oferta exclusiva CLUB Dia
                                      </p>
                                    </div>
                                    <div
                                      class="search-product-card__top-section-content"
                                    >
                                      <div
                                        data-test-id="add-to-list-button"
                                        class="add-to-list-button"
                                      >
                                        <span
                                          data-test-id="add-to-list-button-simple-button"
                                          class="add-to-list-button__simple-button"
                                          ><span
                                            class="add-to-list-button__simple-button--initial dia-icon-list"
                                          ></span
                                        ></span>
                                      </div>
                                      <div
                                        class="add-product-to-lists-all-modals"
                                        data-test-id="add-product-to-lists-all-modals"
                                      >
                                        <!----><!----><!---->
                                      </div>
                                      <a
                                        rel="external"
                                        href="/charcuteria-y-quesos/jamon-curado-y-paleta/p/274052"
                                        data-test-id="search-product-card-image-url"
                                        class="search-product-card__product-image-link"
                                        ><img
                                          width="176"
                                          height="176"
                                          data-test-id="search-product-card-image"
                                          class="search-product-card__product-image"
                                          src="/product_images/274052/274052_ISO_0_ES.jpg?imwidth=176"
                                          alt="MEDIAS LONCHAS Jamón Serrano Nuestra Alacena de Dia bandeja 100 g" /></a
                                      ><a
                                        rel="external"
                                        href="/charcuteria-y-quesos/jamon-curado-y-paleta/p/274052"
                                        data-test-id="search-product-card-name"
                                        class="search-product-card__product-link"
                                        ><p
                                          class="search-product-card__product-name"
                                        >
                                          MEDIAS LONCHAS Jamón Serrano Nuestra
                                          Alacena de Dia bandeja 100 g
                                        </p></a
                                      >
                                      <p
                                        data-test-id="search-product-card-info"
                                        class="search-product-card__product-info"
                                      >
                                        Sin gluten | Sin lactosa
                                      </p>
                                    </div>
                                  </div>
                                  <div
                                    data-test-id="search-product-card-bottom-section"
                                    class="search-product-card__bottom-section"
                                  >
                                    <div
                                      class="product-special-offer"
                                      data-test-id="product-special-offer"
                                    >
                                      <!----><!---->
                                      <div
                                        class="product-special-offer__discount-percentage"
                                        data-test-id="product-special-offer-discount-percentage"
                                      >
                                        <p
                                          class="product-special-offer__strikethrough-price"
                                          data-test-id="product-special-offer-discount-percentage-strikethrough-price"
                                        >
                                          1,85&nbsp;€
                                        </p>
                                        <p
                                          class="product-special-offer__discount"
                                          data-test-id="product-special-offer-discount-percentage-discount"
                                        >
                                          20% dto.
                                        </p>
                                      </div>
                                      <!----><!---->
                                    </div>
                                    <!----><!---->
                                    <div
                                      data-test-id="search-product-card-prices"
                                      class="search-product-card__prices"
                                    >
                                      <p
                                        data-test-id="search-product-card-unit-price"
                                        class="search-product-card__active-price"
                                      >
                                        1,48&nbsp;€
                                      </p>
                                      <p
                                        data-test-id="search-product-card-kilo-price"
                                        class="search-product-card__price-per-unit"
                                      >
                                        (14,80&nbsp;€/KILO)
                                      </p>
                                    </div>
                                    <div
                                      class="add-2-cart search-product-card__bottom-buttons"
                                      in-carousel="false"
                                    >
                                      <button
                                        aria-label="add to cart button"
                                        class="add-2-cart__basic-button add-2-cart__basic-button--enabled"
                                        data-test-id="add2cart-basic-button"
                                      >
                                        Añadir</button
                                      ><!---->
                                    </div>
                                  </div>
                                </div>
                              </li>
                              <!--]-->
                            </ul>
                            <div class="basic-section-l1__view-category">
                              <a
                                rel="nofollow"
                                href="/charcuteria-y-quesos/jamon-curado-y-paleta/c/L2004"
                                >Ver todos</a
                              >
                            </div>
                          </div>
                        </div>
                      </li>
                      <li>
                        <div
                          class="basic-section-l1"
                          data-test-id="basic-section-l1"
                        >
                          <a
                            class="basic-section-l1__category-name"
                            href="/charcuteria-y-quesos/lomo-chorizo-fuet-salchichon/c/L2005"
                            >Lomo, chorizo, fuet, salchichón</a
                          >
                          <div class="basic-section-l1__content">
                            <ul
                              data-test-id="product-card-list"
                              class="basic-section-l1__product-card-list"
                            >
                              <!--[-->
                              <li
                                class="basic-section-l1__item-container"
                                data-test-id="product-card-273988"
                                style=""
                              >
                                <div
                                  data-test-id="product-card"
                                  class="search-product-card search-product-card__club-dia-border basic-section-l1__item"
                                  brand="Nuestra Alacena de Dia"
                                  expiration_days="0"
                                  object_id="273988"
                                  weight="0"
                                  is-desktop="false"
                                  is-tablet="true"
                                  is-s-mobile-size="false"
                                  is-tablet-portrait="true"
                                  isvisible="false"
                                >
                                  <div
                                    data-test-id="search-product-card-top-section"
                                    class="search-product-card__top-section"
                                  >
                                    <div>
                                      <p
                                        data-test-id="search-product-card-dia-club"
                                        class="search-product-card__dia-club"
                                      >
                                        Oferta exclusiva CLUB Dia
                                      </p>
                                    </div>
                                    <div
                                      class="search-product-card__top-section-content"
                                    >
                                      <div
                                        data-test-id="add-to-list-button"
                                        class="add-to-list-button"
                                      >
                                        <span
                                          data-test-id="add-to-list-button-simple-button"
                                          class="add-to-list-button__simple-button"
                                          ><span
                                            class="add-to-list-button__simple-button--initial dia-icon-list"
                                          ></span
                                        ></span>
                                      </div>
                                      <div
                                        class="add-product-to-lists-all-modals"
                                        data-test-id="add-product-to-lists-all-modals"
                                      >
                                        <!----><!----><!---->
                                      </div>
                                      <a
                                        rel="external"
                                        href="/charcuteria-y-quesos/lomo-chorizo-fuet-salchichon/p/273988"
                                        data-test-id="search-product-card-image-url"
                                        class="search-product-card__product-image-link"
                                        ><img
                                          width="176"
                                          height="176"
                                          data-test-id="search-product-card-image"
                                          class="search-product-card__product-image"
                                          src="/product_images/273988/273988_ISO_0_ES.jpg?imwidth=176"
                                          alt="Chorizo extra Nuestra Alacena de Dia bandeja 2 x 100 g" /></a
                                      ><a
                                        rel="external"
                                        href="/charcuteria-y-quesos/lomo-chorizo-fuet-salchichon/p/273988"
                                        data-test-id="search-product-card-name"
                                        class="search-product-card__product-link"
                                        ><p
                                          class="search-product-card__product-name"
                                        >
                                          Chorizo extra Nuestra Alacena de Dia
                                          bandeja 2 x 100 g
                                        </p></a
                                      >
                                      <p
                                        data-test-id="search-product-card-info"
                                        class="search-product-card__product-info"
                                      >
                                        Sin gluten
                                      </p>
                                    </div>
                                  </div>
                                  <div
                                    data-test-id="search-product-card-bottom-section"
                                    class="search-product-card__bottom-section"
                                  >
                                    <div
                                      class="product-special-offer"
                                      data-test-id="product-special-offer"
                                    >
                                      <!----><!---->
                                      <div
                                        class="product-special-offer__discount-percentage"
                                        data-test-id="product-special-offer-discount-percentage"
                                      >
                                        <p
                                          class="product-special-offer__strikethrough-price"
                                          data-test-id="product-special-offer-discount-percentage-strikethrough-price"
                                        >
                                          1,99&nbsp;€
                                        </p>
                                        <p
                                          class="product-special-offer__discount"
                                          data-test-id="product-special-offer-discount-percentage-discount"
                                        >
                                          20% dto.
                                        </p>
                                      </div>
                                      <!----><!---->
                                    </div>
                                    <!----><!---->
                                    <div
                                      data-test-id="search-product-card-prices"
                                      class="search-product-card__prices"
                                    >
                                      <p
                                        data-test-id="search-product-card-unit-price"
                                        class="search-product-card__active-price"
                                      >
                                        1,59&nbsp;€
                                      </p>
                                      <p
                                        data-test-id="search-product-card-kilo-price"
                                        class="search-product-card__price-per-unit"
                                      >
                                        (7,96&nbsp;€/KILO)
                                      </p>
                                    </div>
                                    <div
                                      class="add-2-cart search-product-card__bottom-buttons"
                                      in-carousel="false"
                                    >
                                      <button
                                        aria-label="add to cart button"
                                        class="add-2-cart__basic-button add-2-cart__basic-button--enabled"
                                        data-test-id="add2cart-basic-button"
                                      >
                                        Añadir</button
                                      ><!---->
                                    </div>
                                  </div>
                                </div>
                              </li>
                              <li
                                class="basic-section-l1__item-container"
                                data-test-id="product-card-37114"
                                style=""
                              >
                                <div
                                  data-test-id="product-card"
                                  class="search-product-card search-product-card__dia-border basic-section-l1__item"
                                  brand="Casa Tarradellas"
                                  expiration_days="0"
                                  object_id="37114"
                                  weight="0"
                                  is-desktop="false"
                                  is-tablet="true"
                                  is-s-mobile-size="false"
                                  is-tablet-portrait="true"
                                  isvisible="false"
                                >
                                  <div
                                    data-test-id="search-product-card-top-section"
                                    class="search-product-card__top-section"
                                  >
                                    <div
                                      class="search-product-card__aux-head"
                                    ></div>
                                    <div
                                      class="search-product-card__top-section-content"
                                    >
                                      <div
                                        data-test-id="add-to-list-button"
                                        class="add-to-list-button"
                                      >
                                        <span
                                          data-test-id="add-to-list-button-simple-button"
                                          class="add-to-list-button__simple-button"
                                          ><span
                                            class="add-to-list-button__simple-button--initial dia-icon-list"
                                          ></span
                                        ></span>
                                      </div>
                                      <div
                                        class="add-product-to-lists-all-modals"
                                        data-test-id="add-product-to-lists-all-modals"
                                      >
                                        <!----><!----><!---->
                                      </div>
                                      <a
                                        rel="external"
                                        href="/charcuteria-y-quesos/lomo-chorizo-fuet-salchichon/p/37114"
                                        data-test-id="search-product-card-image-url"
                                        class="search-product-card__product-image-link"
                                        ><img
                                          width="176"
                                          height="176"
                                          data-test-id="search-product-card-image"
                                          class="search-product-card__product-image"
                                          src="/product_images/37114/37114_ISO_0_ES.jpg?imwidth=176"
                                          alt="Espetec extra Casa Tarradellas bolsa 180 g" /></a
                                      ><a
                                        rel="external"
                                        href="/charcuteria-y-quesos/lomo-chorizo-fuet-salchichon/p/37114"
                                        data-test-id="search-product-card-name"
                                        class="search-product-card__product-link"
                                        ><p
                                          class="search-product-card__product-name"
                                        >
                                          Espetec extra Casa Tarradellas bolsa
                                          180 g
                                        </p></a
                                      >
                                      <p
                                        data-test-id="search-product-card-info"
                                        class="search-product-card__product-info"
                                      >
                                        Sin gluten
                                      </p>
                                    </div>
                                  </div>
                                  <div
                                    data-test-id="search-product-card-bottom-section"
                                    class="search-product-card__bottom-section"
                                  >
                                    <div
                                      class="product-special-offer"
                                      data-test-id="product-special-offer"
                                    >
                                      <!----><!----><!----><!----><!---->
                                    </div>
                                    <!----><!---->
                                    <div
                                      data-test-id="search-product-card-prices"
                                      class="search-product-card__prices"
                                    >
                                      <p
                                        data-test-id="search-product-card-unit-price"
                                        class="search-product-card__active-price"
                                      >
                                        2,49&nbsp;€
                                      </p>
                                      <p
                                        data-test-id="search-product-card-kilo-price"
                                        class="search-product-card__price-per-unit"
                                      >
                                        (13,83&nbsp;€/KILO)
                                      </p>
                                    </div>
                                    <div
                                      class="add-2-cart search-product-card__bottom-buttons"
                                      in-carousel="false"
                                    >
                                      <button
                                        aria-label="add to cart button"
                                        class="add-2-cart__basic-button add-2-cart__basic-button--enabled"
                                        data-test-id="add2cart-basic-button"
                                      >
                                        Añadir</button
                                      ><!---->
                                    </div>
                                  </div>
                                </div>
                              </li>
                              <li
                                class="basic-section-l1__item-container"
                                data-test-id="product-card-274140"
                                style=""
                              >
                                <div
                                  data-test-id="product-card"
                                  class="search-product-card search-product-card__dia-border basic-section-l1__item"
                                  brand="Nuestra Alacena de Dia"
                                  expiration_days="0"
                                  object_id="274140"
                                  weight="0"
                                  is-desktop="false"
                                  is-tablet="true"
                                  is-s-mobile-size="false"
                                  is-tablet-portrait="true"
                                  isvisible="false"
                                >
                                  <div
                                    data-test-id="search-product-card-top-section"
                                    class="search-product-card__top-section"
                                  >
                                    <div
                                      class="search-product-card__aux-head"
                                    ></div>
                                    <div
                                      class="search-product-card__top-section-content"
                                    >
                                      <div
                                        data-test-id="add-to-list-button"
                                        class="add-to-list-button"
                                      >
                                        <span
                                          data-test-id="add-to-list-button-simple-button"
                                          class="add-to-list-button__simple-button"
                                          ><span
                                            class="add-to-list-button__simple-button--initial dia-icon-list"
                                          ></span
                                        ></span>
                                      </div>
                                      <div
                                        class="add-product-to-lists-all-modals"
                                        data-test-id="add-product-to-lists-all-modals"
                                      >
                                        <!----><!----><!---->
                                      </div>
                                      <a
                                        rel="external"
                                        href="/charcuteria-y-quesos/lomo-chorizo-fuet-salchichon/p/274140"
                                        data-test-id="search-product-card-image-url"
                                        class="search-product-card__product-image-link"
                                        ><img
                                          width="176"
                                          height="176"
                                          data-test-id="search-product-card-image"
                                          class="search-product-card__product-image"
                                          src="/product_images/274140/274140_ISO_0_ES.jpg?imwidth=176"
                                          alt="Salchichón extra Nuestra Alacena de Dia bandeja 2 x 100 g" /></a
                                      ><a
                                        rel="external"
                                        href="/charcuteria-y-quesos/lomo-chorizo-fuet-salchichon/p/274140"
                                        data-test-id="search-product-card-name"
                                        class="search-product-card__product-link"
                                        ><p
                                          class="search-product-card__product-name"
                                        >
                                          Salchichón extra Nuestra Alacena de
                                          Dia bandeja 2 x 100 g
                                        </p></a
                                      >
                                      <p
                                        data-test-id="search-product-card-info"
                                        class="search-product-card__product-info"
                                      >
                                        Sin gluten
                                      </p>
                                    </div>
                                  </div>
                                  <div
                                    data-test-id="search-product-card-bottom-section"
                                    class="search-product-card__bottom-section"
                                  >
                                    <div
                                      class="product-special-offer"
                                      data-test-id="product-special-offer"
                                    >
                                      <!----><!----><!----><!----><!---->
                                    </div>
                                    <!----><!---->
                                    <div
                                      data-test-id="search-product-card-prices"
                                      class="search-product-card__prices"
                                    >
                                      <p
                                        data-test-id="search-product-card-unit-price"
                                        class="search-product-card__active-price"
                                      >
                                        1,71&nbsp;€
                                      </p>
                                      <p
                                        data-test-id="search-product-card-kilo-price"
                                        class="search-product-card__price-per-unit"
                                      >
                                        (8,55&nbsp;€/KILO)
                                      </p>
                                    </div>
                                    <div
                                      class="add-2-cart search-product-card__bottom-buttons"
                                      in-carousel="false"
                                    >
                                      <button
                                        aria-label="add to cart button"
                                        class="add-2-cart__basic-button add-2-cart__basic-button--enabled"
                                        data-test-id="add2cart-basic-button"
                                      >
                                        Añadir</button
                                      ><!---->
                                    </div>
                                  </div>
                                </div>
                              </li>
                              <li
                                class="basic-section-l1__item-container"
                                data-test-id="product-card-274063"
                                style=""
                              >
                                <div
                                  data-test-id="product-card"
                                  class="search-product-card search-product-card__dia-border basic-section-l1__item"
                                  brand="Nuestra Alacena de Dia"
                                  expiration_days="0"
                                  object_id="274063"
                                  weight="0"
                                  is-desktop="false"
                                  is-tablet="true"
                                  is-s-mobile-size="false"
                                  is-tablet-portrait="true"
                                  isvisible="false"
                                >
                                  <div
                                    data-test-id="search-product-card-top-section"
                                    class="search-product-card__top-section"
                                  >
                                    <div
                                      class="search-product-card__aux-head"
                                    ></div>
                                    <div
                                      class="search-product-card__top-section-content"
                                    >
                                      <div
                                        data-test-id="add-to-list-button"
                                        class="add-to-list-button"
                                      >
                                        <span
                                          data-test-id="add-to-list-button-simple-button"
                                          class="add-to-list-button__simple-button"
                                          ><span
                                            class="add-to-list-button__simple-button--initial dia-icon-list"
                                          ></span
                                        ></span>
                                      </div>
                                      <div
                                        class="add-product-to-lists-all-modals"
                                        data-test-id="add-product-to-lists-all-modals"
                                      >
                                        <!----><!----><!---->
                                      </div>
                                      <a
                                        rel="external"
                                        href="/charcuteria-y-quesos/lomo-chorizo-fuet-salchichon/p/274063"
                                        data-test-id="search-product-card-image-url"
                                        class="search-product-card__product-image-link"
                                        ><img
                                          width="176"
                                          height="176"
                                          data-test-id="search-product-card-image"
                                          class="search-product-card__product-image"
                                          src="/product_images/274063/274063_ISO_0_ES.jpg?imwidth=176"
                                          alt="Lomo embuchado Nuestra Alacena de Dia bandeja 2 x 70 g" /></a
                                      ><a
                                        rel="external"
                                        href="/charcuteria-y-quesos/lomo-chorizo-fuet-salchichon/p/274063"
                                        data-test-id="search-product-card-name"
                                        class="search-product-card__product-link"
                                        ><p
                                          class="search-product-card__product-name"
                                        >
                                          Lomo embuchado Nuestra Alacena de Dia
                                          bandeja 2 x 70 g
                                        </p></a
                                      ><!---->
                                    </div>
                                  </div>
                                  <div
                                    data-test-id="search-product-card-bottom-section"
                                    class="search-product-card__bottom-section"
                                  >
                                    <div
                                      class="product-special-offer"
                                      data-test-id="product-special-offer"
                                    >
                                      <!----><!----><!----><!----><!---->
                                    </div>
                                    <!----><!---->
                                    <div
                                      data-test-id="search-product-card-prices"
                                      class="search-product-card__prices"
                                    >
                                      <p
                                        data-test-id="search-product-card-unit-price"
                                        class="search-product-card__active-price"
                                      >
                                        2,69&nbsp;€
                                      </p>
                                      <p
                                        data-test-id="search-product-card-kilo-price"
                                        class="search-product-card__price-per-unit"
                                      >
                                        (19,21&nbsp;€/KILO)
                                      </p>
                                    </div>
                                    <div
                                      class="add-2-cart search-product-card__bottom-buttons"
                                      in-carousel="false"
                                    >
                                      <button
                                        aria-label="add to cart button"
                                        class="add-2-cart__basic-button add-2-cart__basic-button--enabled"
                                        data-test-id="add2cart-basic-button"
                                      >
                                        Añadir</button
                                      ><!---->
                                    </div>
                                  </div>
                                </div>
                              </li>
                              <!--]-->
                            </ul>
                            <div class="basic-section-l1__view-category">
                              <a
                                rel="nofollow"
                                href="/charcuteria-y-quesos/lomo-chorizo-fuet-salchichon/c/L2005"
                                >Ver todos</a
                              >
                            </div>
                          </div>
                        </div>
                      </li>
                      <!--]-->
                    </ul>
                    <!---->
                  </div>
                </div>
                <div class="plp-l1__section" data-v-63417801="">
                  <!--[-->
                  <div
                    class="iterable-section"
                    data-test-id="iterable-section-0"
                  >
                    <!--[-->
                    <div>
                      <ul>
                        <!--[-->
                        <li data-test-id="category-L2007">
                          <div
                            class="basic-section-l1"
                            data-test-id="basic-section-l1"
                          >
                            <a
                              class="basic-section-l1__category-name"
                              href="/charcuteria-y-quesos/queso-curado-semicurado-y-tierno/c/L2007"
                              >Queso curado, semicurado y tierno</a
                            >
                            <div class="basic-section-l1__content">
                              <ul
                                data-test-id="product-card-list"
                                class="basic-section-l1__product-card-list"
                              >
                                <!--[-->
                                <li
                                  class="basic-section-l1__item-container"
                                  data-test-id="product-card-300005"
                                  style=""
                                >
                                  <a
                                    href="/charcuteria-y-quesos/queso-curado-semicurado-y-tierno/p/300005"
                                    >Queso semicurado Mahón Quesería del Mundo
                                    220 g</a
                                  >
                                </li>
                                <li
                                  class="basic-section-l1__item-container"
                                  data-test-id="product-card-13096"
                                  style=""
                                >
                                  <a
                                    href="/charcuteria-y-quesos/queso-curado-semicurado-y-tierno/p/13096"
                                    >Queso mozzarella rallado Dia Láctea bolsa
                                    200 g</a
                                  >
                                </li>
                                <li
                                  class="basic-section-l1__item-container"
                                  data-test-id="product-card-300006"
                                  style=""
                                >
                                  <a
                                    href="/charcuteria-y-quesos/queso-curado-semicurado-y-tierno/p/300006"
                                    >Queso semicurado ibérico Quesería del Mundo
                                    175 g</a
                                  >
                                </li>
                                <li
                                  class="basic-section-l1__item-container"
                                  data-test-id="product-card-108589"
                                  style=""
                                >
                                  <a
                                    href="/charcuteria-y-quesos/queso-curado-semicurado-y-tierno/p/108589"
                                    >Queso curado El Cencerro de Dia 250 g</a
                                  >
                                </li>
                                <!--]-->
                              </ul>
                              <div class="basic-section-l1__view-category">
                                <a
                                  rel="nofollow"
                                  href="/charcuteria-y-quesos/queso-curado-semicurado-y-tierno/c/L2007"
                                  >Ver todos</a
                                >
                              </div>
                            </div>
                          </div>
                        </li>
                        <li data-test-id="category-L2008">
                          <div
                            class="basic-section-l1"
                            data-test-id="basic-section-l1"
                          >
                            <a
                              class="basic-section-l1__category-name"
                              href="/charcuteria-y-quesos/queso-fresco/c/L2008"
                              >Queso fresco</a
                            >
                            <div class="basic-section-l1__content">
                              <ul
                                data-test-id="product-card-list"
                                class="basic-section-l1__product-card-list"
                              >
                                <!--[-->
                                <li
                                  class="basic-section-l1__item-container"
                                  data-test-id="product-card-115669"
                                  style=""
                                >
                                  <a
                                    href="/charcuteria-y-quesos/queso-fresco/p/115669"
                                    >Queso fresco natural Dia Láctea tarrina 4 x
                                    62.5 g</a
                                  >
                                </li>
                                <li
                                  class="basic-section-l1__item-container"
                                  data-test-id="product-card-115196"
                                  style=""
                                >
                                  <a
                                    href="/charcuteria-y-quesos/queso-fresco/p/115196"
                                    >Queso fresco de vaca El Cencerro de Dia
                                    tarrina 250 g</a
                                  >
                                </li>
                                <li
                                  class="basic-section-l1__item-container"
                                  data-test-id="product-card-73062"
                                  style=""
                                >
                                  <a
                                    href="/charcuteria-y-quesos/queso-fresco/p/73062"
                                    >Queso fresco 0% m.g Dia Láctea tarrina 4 x
                                    62.5 g</a
                                  >
                                </li>
                                <li
                                  class="basic-section-l1__item-container"
                                  data-test-id="product-card-108698"
                                  style=""
                                >
                                  <a
                                    href="/charcuteria-y-quesos/queso-fresco/p/108698"
                                    >Queso mozzarella fresca Selección Mundial
                                    de Dia bolsa 125 g</a
                                  >
                                </li>
                                <!--]-->
                              </ul>
                              <div class="basic-section-l1__view-category">
                                <a
                                  rel="nofollow"
                                  href="/charcuteria-y-quesos/queso-fresco/c/L2008"
                                  >Ver todos</a
                                >
                              </div>
                            </div>
                          </div>
                        </li>
                        <!--]-->
                      </ul>
                    </div>
                    <!--]-->
                    <div>
                      <div
                        class="simple-or-display-banner"
                        data-test-id="simple-or-display-banner"
                      >
                        <!----><!---->
                      </div>
                    </div>
                  </div>
                  <div
                    class="iterable-section"
                    data-test-id="iterable-section-1"
                  >
                    <!--[-->
                    <div>
                      <ul>
                        <!--[-->
                        <li data-test-id="category-L2009">
                          <div
                            class="basic-section-l1"
                            data-test-id="basic-section-l1"
                          >
                            <a
                              class="basic-section-l1__category-name"
                              href="/charcuteria-y-quesos/queso-azul-y-roquefort/c/L2009"
                              >Queso azul y roquefort</a
                            >
                            <div class="basic-section-l1__content">
                              <ul
                                data-test-id="product-card-list"
                                class="basic-section-l1__product-card-list"
                              >
                                <!--[-->
                                <li
                                  class="basic-section-l1__item-container"
                                  data-test-id="product-card-222761"
                                  style=""
                                >
                                  <a
                                    href="/charcuteria-y-quesos/queso-azul-y-roquefort/p/222761"
                                    >Queso roquefort Selección Mundial de Dia
                                    bandeja 100 g</a
                                  >
                                </li>
                                <li
                                  class="basic-section-l1__item-container"
                                  data-test-id="product-card-44948"
                                  style=""
                                >
                                  <a
                                    href="/charcuteria-y-quesos/queso-azul-y-roquefort/p/44948"
                                    >Queso azul Dia Láctea bandeja 150 g</a
                                  >
                                </li>
                                <li
                                  class="basic-section-l1__item-container"
                                  data-test-id="product-card-303266"
                                  style=""
                                >
                                  <a
                                    href="/charcuteria-y-quesos/queso-azul-y-roquefort/p/303266"
                                    >Queso gorgonzola D.O.P. Selección Mundial
                                    de Dia bandeja 150 g</a
                                  >
                                </li>
                                <li
                                  class="basic-section-l1__item-container"
                                  data-test-id="product-card-299577"
                                  style=""
                                >
                                  <a
                                    href="/charcuteria-y-quesos/queso-azul-y-roquefort/p/299577"
                                    >Queso picón azul Quesería del Mundo 150
                                    g</a
                                  >
                                </li>
                                <!--]-->
                              </ul>
                              <div class="basic-section-l1__view-category">
                                <a
                                  rel="nofollow"
                                  href="/charcuteria-y-quesos/queso-azul-y-roquefort/c/L2009"
                                  >Ver todos</a
                                >
                              </div>
                            </div>
                          </div>
                        </li>
                        <li data-test-id="category-L2010">
                          <div
                            class="basic-section-l1"
                            data-test-id="basic-section-l1"
                          >
                            <a
                              class="basic-section-l1__category-name"
                              href="/charcuteria-y-quesos/quesos-fundidos-y-cremas/c/L2010"
                              >Quesos fundidos y cremas</a
                            >
                            <div class="basic-section-l1__content">
                              <ul
                                data-test-id="product-card-list"
                                class="basic-section-l1__product-card-list"
                              >
                                <!--[-->
                                <li
                                  class="basic-section-l1__item-container"
                                  data-test-id="product-card-135172"
                                  style=""
                                >
                                  <a href="about:blank"></a>
                                </li>
                                <li
                                  class="basic-section-l1__item-container"
                                  data-test-id="product-card-263518"
                                  style=""
                                >
                                  <a
                                    href="/charcuteria-y-quesos/quesos-fundidos-y-cremas/p/263518"
                                    >Queso de untar natural Dia Láctea tarrina
                                    250 g</a
                                  >
                                </li>
                                <li
                                  class="basic-section-l1__item-container"
                                  data-test-id="product-card-302541"
                                  style=""
                                >
                                  <a
                                    href="/charcuteria-y-quesos/quesos-fundidos-y-cremas/p/302541"
                                    >Queso fundido sándwich Dia Láctea bolsa 200
                                    g</a
                                  >
                                </li>
                                <li
                                  class="basic-section-l1__item-container"
                                  data-test-id="product-card-120200"
                                  style=""
                                >
                                  <a
                                    href="/charcuteria-y-quesos/quesos-fundidos-y-cremas/p/120200"
                                    >Crema con queso camembert Dia Láctea
                                    tarrina 125 g</a
                                  >
                                </li>
                                <!--]-->
                              </ul>
                              <div class="basic-section-l1__view-category">
                                <a
                                  rel="nofollow"
                                  href="/charcuteria-y-quesos/quesos-fundidos-y-cremas/c/L2010"
                                  >Ver todos</a
                                >
                              </div>
                            </div>
                          </div>
                        </li>
                        <!--]-->
                      </ul>
                    </div>
                    <!--]-->
                    <div>
                      <div
                        class="simple-or-display-banner"
                        data-test-id="simple-or-display-banner"
                      >
                        <!----><!---->
                      </div>
                    </div>
                  </div>
                  <div
                    class="iterable-section"
                    data-test-id="iterable-section-2"
                  >
                    <!--[-->
                    <div>
                      <ul>
                        <!--[-->
                        <li data-test-id="category-L2011">
                          <div
                            class="basic-section-l1"
                            data-test-id="basic-section-l1"
                          >
                            <a
                              class="basic-section-l1__category-name"
                              href="/charcuteria-y-quesos/quesos-internacionales/c/L2011"
                              >Quesos internacionales</a
                            >
                            <div class="basic-section-l1__content">
                              <ul
                                data-test-id="product-card-list"
                                class="basic-section-l1__product-card-list"
                              >
                                <!--[-->
                                <li
                                  class="basic-section-l1__item-container"
                                  data-test-id="product-card-263217"
                                  style=""
                                >
                                  <a
                                    href="/charcuteria-y-quesos/quesos-internacionales/p/263217"
                                    >Queso edam Selección Mundial de Dia sobre
                                    240 g</a
                                  >
                                </li>
                                <li
                                  class="basic-section-l1__item-container"
                                  data-test-id="product-card-299580"
                                  style=""
                                >
                                  <a
                                    href="/charcuteria-y-quesos/quesos-internacionales/p/299580"
                                    >Queso Munster Quesería del Mundo 125 g</a
                                  >
                                </li>
                                <li
                                  class="basic-section-l1__item-container"
                                  data-test-id="product-card-299583"
                                  style=""
                                >
                                  <a
                                    href="/charcuteria-y-quesos/quesos-internacionales/p/299583"
                                    >Queso gouda cominos Quesería del Mundo 175
                                    g</a
                                  >
                                </li>
                                <li
                                  class="basic-section-l1__item-container"
                                  data-test-id="product-card-299585"
                                  style=""
                                >
                                  <a
                                    href="/charcuteria-y-quesos/quesos-internacionales/p/299585"
                                    >Queso Wensleydale con arándanos Quesería
                                    del Mundo 150 g</a
                                  >
                                </li>
                                <!--]-->
                              </ul>
                              <div class="basic-section-l1__view-category">
                                <a
                                  rel="nofollow"
                                  href="/charcuteria-y-quesos/quesos-internacionales/c/L2011"
                                  >Ver todos</a
                                >
                              </div>
                            </div>
                          </div>
                        </li>
                        <li data-test-id="category-L2206">
                          <div
                            class="basic-section-l1"
                            data-test-id="basic-section-l1"
                          >
                            <a
                              class="basic-section-l1__category-name"
                              href="/charcuteria-y-quesos/salchichas/c/L2206"
                              >Salchichas</a
                            >
                            <div class="basic-section-l1__content">
                              <ul
                                data-test-id="product-card-list"
                                class="basic-section-l1__product-card-list"
                              >
                                <!--[-->
                                <li
                                  class="basic-section-l1__item-container"
                                  data-test-id="product-card-303819"
                                  style=""
                                >
                                  <a
                                    href="/charcuteria-y-quesos/salchichas/p/303819"
                                    >Salchichas frankfurt Funky Frank de Dia
                                    bolsa 2 x 160 g</a
                                  >
                                </li>
                                <li
                                  class="basic-section-l1__item-container"
                                  data-test-id="product-card-303887"
                                  style=""
                                >
                                  <a
                                    href="/charcuteria-y-quesos/salchichas/p/303887"
                                    >Salchichas viena con queso Funky Frank de
                                    Dia bolsa 200 g</a
                                  >
                                </li>
                                <li
                                  class="basic-section-l1__item-container"
                                  data-test-id="product-card-303820"
                                  style=""
                                >
                                  <a
                                    href="/charcuteria-y-quesos/salchichas/p/303820"
                                    >Salchichas frankfurt con queso Funky Frank
                                    de Dia bolsa 2 x 140 g</a
                                  >
                                </li>
                                <li
                                  class="basic-section-l1__item-container"
                                  data-test-id="product-card-125955"
                                  style=""
                                >
                                  <a
                                    href="/charcuteria-y-quesos/salchichas/p/125955"
                                    >Salchichas cocidas frankfurt Campofrío
                                    bolsa 4 x 140 g</a
                                  >
                                </li>
                                <!--]-->
                              </ul>
                              <div class="basic-section-l1__view-category">
                                <a
                                  rel="nofollow"
                                  href="/charcuteria-y-quesos/salchichas/c/L2206"
                                  >Ver todos</a
                                >
                              </div>
                            </div>
                          </div>
                        </li>
                        <!--]-->
                      </ul>
                    </div>
                    <!--]-->
                    <div>
                      <div
                        class="simple-or-display-banner"
                        data-test-id="simple-or-display-banner"
                      >
                        <!----><!---->
                      </div>
                    </div>
                  </div>
                  <div
                    class="iterable-section"
                    data-test-id="iterable-section-3"
                  >
                    <!--[-->
                    <div>
                      <ul>
                        <!--[-->
                        <li data-test-id="category-L2012">
                          <div
                            class="basic-section-l1"
                            data-test-id="basic-section-l1"
                          >
                            <a
                              class="basic-section-l1__category-name"
                              href="/charcuteria-y-quesos/foie-pate-y-sobrasada/c/L2012"
                              >Foie, paté y sobrasada</a
                            >
                            <div class="basic-section-l1__content">
                              <ul
                                data-test-id="product-card-list"
                                class="basic-section-l1__product-card-list"
                              >
                                <!--[-->
                                <li
                                  class="basic-section-l1__item-container"
                                  data-test-id="product-card-306350"
                                  style=""
                                >
                                  <a
                                    href="/charcuteria-y-quesos/foie-pate-y-sobrasada/p/306350"
                                    >Paté clásico La piara lata 2 x 75 g</a
                                  >
                                </li>
                                <li
                                  class="basic-section-l1__item-container"
                                  data-test-id="product-card-293539"
                                  style=""
                                >
                                  <a
                                    href="/charcuteria-y-quesos/foie-pate-y-sobrasada/p/293539"
                                    >Paté de atún Nuestra Alacena de Dia pack 2
                                    x 75 g</a
                                  >
                                </li>
                                <li
                                  class="basic-section-l1__item-container"
                                  data-test-id="product-card-39997"
                                  style=""
                                >
                                  <a
                                    href="/charcuteria-y-quesos/foie-pate-y-sobrasada/p/39997"
                                    >Paté a la pimienta Nuestra Alacena de Dia
                                    frasco 125 g</a
                                  >
                                </li>
                                <li
                                  class="basic-section-l1__item-container"
                                  data-test-id="product-card-280341"
                                  style=""
                                >
                                  <a
                                    href="/charcuteria-y-quesos/foie-pate-y-sobrasada/p/280341"
                                    >Mousse de foie de pato Aoste blister 100
                                    g</a
                                  >
                                </li>
                                <!--]-->
                              </ul>
                              <div class="basic-section-l1__view-category">
                                <a
                                  rel="nofollow"
                                  href="/charcuteria-y-quesos/foie-pate-y-sobrasada/c/L2012"
                                  >Ver todos</a
                                >
                              </div>
                            </div>
                          </div>
                        </li>
                        <!--]-->
                      </ul>
                    </div>
                    <!--]-->
                    <div>
                      <div
                        class="simple-or-display-banner"
                        data-test-id="simple-or-display-banner"
                      >
                        <!----><!---->
                      </div>
                    </div>
                  </div>
                  <!--]-->
                </div>
                <!---->
              </div>
            </div>
            <!----><!--]--><!--]--><!--]-->
            <div class="dia-footer" data-test-id="dia-footer">
              <div
                data-test-id="footer-signature"
                class="footer-signature__signature"
                items-position="footer"
              >
                <p data-test-id="footer-signature-text">
                  Dia Supermercado online
                </p>
              </div>
              <div class="footer-info__list">
                <!--[-->
                <div
                  data-test-id="footer-information"
                  class="footer-info__odd-section footer-info__section"
                >
                  <span
                    data-test-id="footer-information-permalink"
                    class="footer-info__section--permalink"
                    rel="external"
                    ><div class="footer-info__section--main">
                      <div class="footer-info__section--logo">
                        <div
                          data-test-id="footer-information-icon"
                          class="dia-icon-truck footer-info__information--icon"
                        ></div>
                      </div>
                      <div class="footer-info__information">
                        <p
                          data-test-id="footer-information-title"
                          class="footer-info__information-title"
                        >
                          Pide hoy, recibe hoy
                        </p>
                        <p
                          data-test-id="footer-information-text"
                          class="footer-info__information-text"
                        >
                          Entrega rápida y en la franja horaria que mejor te
                          venga.
                        </p>
                      </div>
                    </div></span
                  >
                  <hr class="footer-info__breaker" />
                </div>
                <div
                  data-test-id="footer-information"
                  class="footer-info__even-section footer-info__section"
                >
                  <span
                    data-test-id="footer-information-permalink"
                    class="footer-info__section--permalink"
                    rel="external"
                    ><div class="footer-info__section--main">
                      <div class="footer-info__section--logo">
                        <div
                          data-test-id="footer-information-icon"
                          class="dia-icon-euro footer-info__information--icon"
                        ></div>
                      </div>
                      <div class="footer-info__information">
                        <p
                          data-test-id="footer-information-title"
                          class="footer-info__information-title"
                        >
                          Envío desde 4,99€
                        </p>
                        <p
                          data-test-id="footer-information-text"
                          class="footer-info__information-text"
                        >
                          Envío estándar por 4,99€. Gratis con +100€. Envío
                          express por 4,99€.
                        </p>
                      </div>
                    </div></span
                  >
                  <hr class="footer-info__breaker" />
                </div>
                <div
                  data-test-id="footer-information"
                  class="footer-info__odd-section footer-info__section"
                >
                  <a
                    data-test-id="footer-information-permalink"
                    class="footer-info__section--permalink"
                    rel="external"
                    href="https://www.dia.es/tiendas/buscador-tiendas-folletos"
                    ><div class="footer-info__section--main">
                      <div class="footer-info__section--logo">
                        <div
                          data-test-id="footer-information-icon"
                          class="dia-icon-map-pin footer-info__information--icon"
                        ></div>
                      </div>
                      <div class="footer-info__information">
                        <p
                          data-test-id="footer-information-title"
                          class="footer-info__information-title"
                        >
                          Encuentra tu tienda
                        </p>
                        <p
                          data-test-id="footer-information-text"
                          class="footer-info__information-text"
                        >
                          Localiza tu tienda y descubre las mejores ofertas.
                        </p>
                      </div>
                    </div></a
                  >
                  <hr class="footer-info__breaker" />
                </div>
                <div
                  data-test-id="footer-information"
                  class="footer-info__even-section footer-info__section"
                >
                  <a
                    data-test-id="footer-information-permalink"
                    class="footer-info__section--permalink"
                    rel="external"
                    href="https://www.dia.es/folleto"
                    ><div class="footer-info__section--main">
                      <div class="footer-info__section--logo">
                        <div
                          data-test-id="footer-information-icon"
                          class="dia-icon-brochure footer-info__information--icon"
                        ></div>
                      </div>
                      <div class="footer-info__information">
                        <p
                          data-test-id="footer-information-title"
                          class="footer-info__information-title"
                        >
                          Folletos
                        </p>
                        <p
                          data-test-id="footer-information-text"
                          class="footer-info__information-text"
                        >
                          Descubre las mejores Ofertas.
                        </p>
                      </div>
                    </div></a
                  >
                  <hr class="footer-info__breaker" />
                </div>
                <div
                  data-test-id="footer-information"
                  class="footer-info__odd-section footer-info__section"
                >
                  <a
                    data-test-id="footer-information-permalink"
                    class="footer-info__section--permalink"
                    rel="external"
                    href="/l/tarjeta-club-dia"
                    ><div class="footer-info__section--main">
                      <div class="footer-info__section--logo">
                        <div
                          data-test-id="footer-information-icon"
                          class="dia-icon-credit-card footer-info__information--icon"
                        ></div>
                      </div>
                      <div class="footer-info__information">
                        <p
                          data-test-id="footer-information-title"
                          class="footer-info__information-title"
                        >
                          Tarjeta CLUB Dia
                        </p>
                        <p
                          data-test-id="footer-information-text"
                          class="footer-info__information-text"
                        >
                          Solicita tu tarjeta y disfruta las ventajas del club.
                        </p>
                      </div>
                    </div></a
                  >
                  <hr class="footer-info__breaker" />
                </div>
                <div
                  data-test-id="footer-information"
                  class="footer-info__even-section footer-info__section"
                >
                  <a
                    data-test-id="footer-information-permalink"
                    class="footer-info__section--permalink"
                    rel="external"
                    href="/tickets-delivery"
                    ><div class="footer-info__section--main">
                      <div class="footer-info__section--logo">
                        <div
                          data-test-id="footer-information-icon"
                          class="dia-icon-bill footer-info__information--icon"
                        ></div>
                      </div>
                      <div class="footer-info__information">
                        <p
                          data-test-id="footer-information-title"
                          class="footer-info__information-title"
                        >
                          Glovo, Uber Eats y Just Eat
                        </p>
                        <p
                          data-test-id="footer-information-text"
                          class="footer-info__information-text"
                        >
                          Solicita tu factura de Glovo, Uber Eats o Just Eat
                        </p>
                      </div>
                    </div></a
                  >
                  <hr class="footer-info__breaker" />
                </div>
                <!--]-->
              </div>
              <ul data-test-id="footer-webs" class="footer-webs">
                <!--[-->
                <li
                  data-test-id="footer-webs-section"
                  class="footer-webs__section"
                >
                  <a
                    data-test-id="footer-webs-section-link"
                    class="footer-webs__section-link"
                    rel="external"
                    href="http://blog.dia.es/"
                    >Recetas</a
                  >
                  <p class="footer-webs__circle">·</p>
                </li>
                <li
                  data-test-id="footer-webs-section"
                  class="footer-webs__section"
                >
                  <a
                    data-test-id="footer-webs-section-link"
                    class="footer-webs__section-link"
                    rel="external"
                    href="/l/comer-mejor-cada-dia"
                    >Comer mejor cada Dia</a
                  >
                  <p class="footer-webs__circle">·</p>
                </li>
                <li
                  data-test-id="footer-webs-section"
                  class="footer-webs__section"
                >
                  <a
                    data-test-id="footer-webs-section-link"
                    class="footer-webs__section-link"
                    rel="external"
                    href="https://www.dia.es/tiendas/empleo"
                    >Empleo</a
                  >
                  <p class="footer-webs__circle">·</p>
                </li>
                <li
                  data-test-id="footer-webs-section"
                  class="footer-webs__section"
                >
                  <a
                    data-test-id="footer-webs-section-link"
                    class="footer-webs__section-link"
                    rel="external"
                    href="/contacto-proveedores"
                    >Colabora con DIA</a
                  >
                  <p class="footer-webs__circle">·</p>
                </li>
                <li
                  data-test-id="footer-webs-section"
                  class="footer-webs__section"
                >
                  <a
                    data-test-id="footer-webs-section-link"
                    class="footer-webs__section-link"
                    rel="external"
                    href="https://franquicia.dia.es/"
                    >Abre tu tienda</a
                  >
                  <p class="footer-webs__circle">·</p>
                </li>
                <li
                  data-test-id="footer-webs-section"
                  class="footer-webs__section"
                >
                  <a
                    data-test-id="footer-webs-section-link"
                    class="footer-webs__section-link"
                    rel="external"
                    href="https://diacorporate.com/"
                    >DIA corporate</a
                  >
                  <p class="footer-webs__circle">·</p>
                </li>
                <!--]-->
              </ul>
              <div class="dia-footer__contact">
                <div
                  data-test-id="footer-social-media"
                  class="social-media__social"
                >
                  <!--[-->
                  <div
                    data-test-id="footer-social-media-section"
                    class="social-media__social--section"
                  >
                    <a
                      data-test-id="footer-social-media-permalink"
                      class="social-media__social--icon"
                      rel="external"
                      href="https://twitter.com/dia_group?lang=es"
                      ><div
                        data-test-id="footer-social-icon"
                        class="dia-icon-twitter social-media__information--icon"
                        title="Twitter"
                      ></div
                    ></a>
                  </div>
                  <div
                    data-test-id="footer-social-media-section"
                    class="social-media__social--section"
                  >
                    <a
                      data-test-id="footer-social-media-permalink"
                      class="social-media__social--icon"
                      rel="external"
                      href="https://www.facebook.com/DIAEspana?lang=es"
                      ><div
                        data-test-id="footer-social-icon"
                        class="dia-icon-facebook social-media__information--icon"
                        title="Facebook"
                      ></div
                    ></a>
                  </div>
                  <div
                    data-test-id="footer-social-media-section"
                    class="social-media__social--section"
                  >
                    <a
                      data-test-id="footer-social-media-permalink"
                      class="social-media__social--icon"
                      rel="external"
                      href="https://instagram.com/dia_esp?lang=es"
                      ><div
                        data-test-id="footer-social-icon"
                        class="dia-icon-instagram social-media__information--icon"
                        title="Instagram"
                      ></div
                    ></a>
                  </div>
                  <div
                    data-test-id="footer-social-media-section"
                    class="social-media__social--section"
                  >
                    <a
                      data-test-id="footer-social-media-permalink"
                      class="social-media__social--icon"
                      rel="external"
                      href="https://www.tiktok.com/@dia_espana?lang=es"
                      ><div
                        data-test-id="footer-social-icon"
                        class="dia-icon-tik-tok social-media__information--icon"
                        title="Tik Tok"
                      ></div
                    ></a>
                  </div>
                  <div
                    data-test-id="footer-social-media-section"
                    class="social-media__social--section"
                  >
                    <a
                      data-test-id="footer-social-media-permalink"
                      class="social-media__social--icon"
                      rel="external"
                      href="https://www.youtube.com/user/DIAespana"
                      ><div
                        data-test-id="footer-social-icon"
                        class="dia-icon-youtube social-media__information--icon"
                        title="Youtube"
                      ></div
                    ></a>
                  </div>
                  <!--]-->
                </div>
                <div class="dia-footer__contact-drop">
                  <div class="select-wrapper" data-test-id="select-language">
                    <ul class="select-wrapper__drop-down" style="height: 0">
                      <li class="select-wrapper__item">
                        <span class="select-wrapper__es-lang"
                          ><span class="dia-icon-es"></span
                          ><span class="dia-icon-es1"></span
                          ><span class="dia-icon-es2"></span
                        ></span>
                        <p class="select-wrapper__item--language">Español</p>
                      </li>
                      <li class="select-wrapper__item">
                        <span class="select-wrapper__ca-lang"
                          ><span class="dia-icon-ca"></span
                          ><span class="dia-icon-ca2"></span
                          ><span class="dia-icon-ca3"></span
                          ><span class="dia-icon-ca4"></span
                          ><span class="dia-icon-ca5"></span
                        ></span>
                        <p class="select-wrapper__item--language">Català</p>
                      </li>
                      <li class="select-wrapper__item">
                        <span class="select-wrapper__en-lang"
                          ><span class="dia-icon-en1"></span
                          ><span class="dia-icon-en2"></span
                          ><span class="dia-icon-en3"></span
                          ><span class="dia-icon-en4"></span
                          ><span class="dia-icon-en5"></span
                          ><span class="dia-icon-en6"></span
                          ><span class="dia-icon-en7"></span
                          ><span class="dia-icon-en8"></span
                          ><span class="dia-icon-en9"></span
                          ><span class="dia-icon-en10"></span
                          ><span class="dia-icon-en11"></span
                          ><span class="dia-icon-en12"></span
                          ><span class="dia-icon-en13"></span
                        ></span>
                        <p class="select-wrapper__item--language">English</p>
                      </li>
                      <li class="select-wrapper__item">
                        <span class="select-wrapper__pt-lang"
                          ><span class="dia-icon-pt"></span
                          ><span class="dia-icon-pt1"></span
                        ></span>
                        <p class="select-wrapper__item--language">Português</p>
                      </li>
                    </ul>
                    <ul class="select-wrapper__select-language">
                      <li class="select-wrapper__item">
                        <span class="select-wrapper__es-lang"
                          ><span class="dia-icon-es"></span
                          ><span class="dia-icon-es1"></span
                          ><span class="dia-icon-es2"></span
                        ></span>
                        <p class="select-wrapper__item--language">Español</p>
                      </li>
                      <li class="dia-icon-arrow_drop_down"></li>
                    </ul>
                  </div>
                  <div class="customer-support">
                    <!--[-->
                    <div
                      data-test-id="footer-customer-support"
                      class="customer-support__att"
                    >
                      <a
                        data-test-id="footer-customer-support-link"
                        class="customer-support__att--title"
                        rel="external"
                        href="/l/atencion-al-cliente"
                        ><div
                          class="customer-support__att--icon dia-icon-phone-call"
                        ></div>
                        <p>Atención al cliente</p></a
                      >
                    </div>
                    <!--]-->
                  </div>
                </div>
              </div>
              <!--[-->
              <div data-test-id="footer-legals" class="footer-legals__legals">
                <!--[-->
                <div class="footer-legals__privacy">
                  <div
                    data-test-id="footer-legals-section"
                    class="footer-legals__privacy--policy"
                  >
                    <span
                      data-test-id="footer-legals-section-link"
                      class="footer-legals__privacy--permalink"
                      rel="external"
                      ><p data-test-id="footer-legals-section-title">
                        Política de privacidad
                      </p></span
                    >
                  </div>
                  <hr class="footer-legals__breaker" />
                </div>
                <div class="footer-legals__privacy">
                  <div
                    data-test-id="footer-legals-section"
                    class="footer-legals__privacy--policy"
                  >
                    <a
                      data-test-id="footer-legals-section-link"
                      class="footer-legals__privacy--permalink"
                      rel="external"
                      href="/l/politica-cookies"
                      ><p data-test-id="footer-legals-section-title">
                        Política de cookies
                      </p></a
                    >
                  </div>
                  <hr class="footer-legals__breaker" />
                </div>
                <div class="footer-legals__privacy">
                  <div
                    data-test-id="footer-legals-section"
                    class="footer-legals__privacy--policy"
                  >
                    <a
                      data-test-id="footer-legals-section-link"
                      class="footer-legals__privacy--permalink"
                      rel="external"
                      href="/l/aviso-legal"
                      ><p data-test-id="footer-legals-section-title">
                        Aviso legal
                      </p></a
                    >
                  </div>
                  <hr class="footer-legals__breaker" />
                </div>
                <div class="footer-legals__privacy">
                  <div
                    data-test-id="footer-legals-section"
                    class="footer-legals__privacy--policy"
                  >
                    <span
                      data-test-id="footer-legals-section-link"
                      class="footer-legals__privacy--permalink"
                      rel="external"
                      ><p data-test-id="footer-legals-section-title">
                        Condiciones de compra
                      </p></span
                    >
                  </div>
                  <hr class="footer-legals__breaker" />
                </div>
                <!--]-->
              </div>
              <!----><!--]-->
            </div>
          </div>
        </div>
      </div>
    </div>
  </div>
  <script
    type="module"
    src="/plp-front/assets/entries/entry-client-routing.ad3985a4.js"
    defer=""
  ></script>
  <link
    rel="modulepreload"
    href="/plp-front/assets/entries/src_pages_l1_index.page.b84cb19e.js"
    as="script"
    type="text/javascript"
  />
  <link
    rel="modulepreload"
    href="/plp-front/assets/chunks/chunk-cf010ec4.js"
    as="script"
    type="text/javascript"
  />
  <link
    rel="modulepreload"
    href="/plp-front/assets/chunks/chunk-f6a24be2.js"
    as="script"
    type="text/javascript"
  />
  <link
    rel="modulepreload"
    href="/plp-front/assets/chunks/chunk-b4c67990.js"
    as="script"
    type="text/javascript"
  />
  <link
    rel="modulepreload"
    href="/plp-front/assets/chunks/chunk-ed7edbb4.js"
    as="script"
    type="text/javascript"
  />
  <link
    rel="modulepreload"
    href="/plp-front/assets/chunks/chunk-1d39eb28.js"
    as="script"
    type="text/javascript"
  />
  <link
    rel="modulepreload"
    href="/plp-front/assets/chunks/chunk-286adbc6.js"
    as="script"
    type="text/javascript"
  />
  <link
    rel="modulepreload"
    href="/plp-front/assets/chunks/chunk-22756b59.js"
    as="script"
    type="text/javascript"
  />
  <link
    rel="modulepreload"
    href="/plp-front/assets/chunks/chunk-019f2b32.js"
    as="script"
    type="text/javascript"
  />
  <link
    rel="modulepreload"
    href="/plp-front/assets/chunks/chunk-fd929cd9.js"
    as="script"
    type="text/javascript"
  />
  <link
    rel="modulepreload"
    href="/plp-front/assets/entries/renderer_default.page.client.30fd62f8.js"
    as="script"
    type="text/javascript"
  />
  <link
    rel="modulepreload"
    href="/plp-front/assets/chunks/chunk-bf373f51.js"
    as="script"
    type="text/javascript"
  />
  <link
    rel="modulepreload"
    href="/plp-front/assets/chunks/chunk-7a5d3b12.js"
    as="script"
    type="text/javascript"
  />
  <link
    rel="modulepreload"
    href="/plp-front/assets/chunks/chunk-3b83d841.js"
    as="script"
    type="text/javascript"
  />
  <link
    rel="modulepreload"
    href="/plp-front/assets/chunks/chunk-b33f3738.js"
    as="script"
    type="text/javascript"
  />
  <link
    rel="modulepreload"
    href="/plp-front/assets/chunks/chunk-d1db878d.js"
    as="script"
    type="text/javascript"
  />
  <link
    rel="modulepreload"
    href="/plp-front/assets/chunks/chunk-b0ec52ad.js"
    as="script"
    type="text/javascript"
  />
  <link
    rel="modulepreload"
    href="/plp-front/assets/chunks/chunk-fbaab69c.js"
    as="script"
    type="text/javascript"
  />
  <link
    rel="modulepreload"
    href="/plp-front/assets/chunks/chunk-6c4fbb41.js"
    as="script"
    type="text/javascript"
  />
  <link
    rel="modulepreload"
    href="/plp-front/assets/chunks/chunk-26bd70dd.js"
    as="script"
    type="text/javascript"
  />
  <link
    rel="modulepreload"
    href="/plp-front/assets/entries/renderer_default.page.server.extractAssets.4ed993c7.js"
    as="script"
    type="text/javascript"
  />
  <link
    rel="modulepreload"
    href="/plp-front/assets/chunks/chunk-0825ee0d.js"
    as="script"
    type="text/javascript"
  />
  <link
    rel="modulepreload"
    href="/plp-front/assets/chunks/chunk-85169915.js"
    as="script"
    type="text/javascript"
  />
  <link
    rel="modulepreload"
    href="/plp-front/assets/chunks/chunk-86a44645.js"
    as="script"
    type="text/javascript"
  />
  <link
    rel="modulepreload"
    href="/plp-front/assets/chunks/chunk-ca6b1904.js"
    as="script"
    type="text/javascript"
  />
  <script id="vike_pageContext" type="application/json">
    {
      "pageProps": "!undefined",
      "routeParams": { "categoryType": "L1", "is404": null },
      "INITIAL_STATE": {
        "config": {
          "ssrHeaders": {
            "Accept": "application/json, text/plain, */*",
            "Content-Type": "!undefined",
            "cart_id": "d277116e-965c-4d1b-a2cf-9b027cf6cb83",
            "session_id": "8b4e4ff2-3c56-4e67-9d82-eeb74fbfa080",
            "customer_id": "",
            "x-locale": "es",
            "x-mobile": ""
          },
          "baseUrl": "https://www.dia.es"
        },
        "redirection": { "location": "", "redirectionStatus": 0 },
        "headersToPropagate": {
          "X-Algolia-Hit": "false",
          "X-Cache-Hit": "true"
        },
        "customStatusResponse": {
          "useCustomStatusResponse": false,
          "customStatusCode": 200
        },
        "availableLocales": ["es", "ca", "en", "pt"],
        "selectedLang": "",
        "robotsValue": "index, follow",
        "seo": {
          "current_category_name": "Charcutería y quesos",
          "description": "Charcutería y quesos",
          "h1": "Charcutería y quesos",
          "keywords": "Charcutería, quesos",
          "title": "Charcutería y quesos"
        },
        "cartData": { "id": "", "amount": "", "postal_code": "" },
        "customerData": { "id": "", "display_name": "" },
        "clientNavigationKey": 0,
        "total_items": 648,
        "seoProductMarkingData": {
          "@context": "http://schema.org",
          "@type": "ItemList",
          "itemListElement": [
            {
              "@type": "ListItem",
              "item": {
                "@type": "Product",
                "image": "https://www.dia.es/product_images/273750/273750_ISO_0_ES.jpg",
                "name": "Bacon en tiras Nuestra Alacena de Dia bandeja 2 x 100 g",
                "offers": {
                  "@type": "Offer",
                  "availability": "https://schema.org/InStock",
                  "price": 1.84,
                  "priceCurrency": "EUR"
                }
              },
              "position": 1,
              "url": "https://www.dia.es/charcuteria-y-quesos/jamon-cocido-lacon-fiambres-y-mortadela/p/273750"
            },
            {
              "@type": "ListItem",
              "item": {
                "@type": "Product",
                "image": "https://www.dia.es/product_images/273810/273810_ISO_0_ES.jpg",
                "name": "Pechuga de pavo Nuestra Alacena de Dia sobre 2 x 200 g",
                "offers": {
                  "@type": "Offer",
                  "availability": "https://schema.org/InStock",
                  "price": 4.09,
                  "priceCurrency": "EUR"
                }
              },
              "position": 2,
              "url": "https://www.dia.es/charcuteria-y-quesos/jamon-cocido-lacon-fiambres-y-mortadela/p/273810"
            },
            {
              "@type": "ListItem",
              "item": {
                "@type": "Product",
                "image": "https://www.dia.es/product_images/273957/273957_ISO_0_ES.jpg",
                "name": "Jamón cocido extra Nuestra Alacena de Dia sobre 2 x 225 g",
                "offers": {
                  "@type": "Offer",
                  "availability": "https://schema.org/InStock",
                  "price": 3.45,
                  "priceCurrency": "EUR"
                }
              },
              "position": 3,
              "url": "https://www.dia.es/charcuteria-y-quesos/jamon-cocido-lacon-fiambres-y-mortadela/p/273957"
            },
            {
              "@type": "ListItem",
              "item": {
                "@type": "Product",
                "image": "https://www.dia.es/product_images/273737/273737_ISO_0_ES.jpg",
                "name": "Jamón cocido extra 97% carne Nuestra Alacena de Dia sobre 150 g",
                "offers": {
                  "@type": "Offer",
                  "availability": "https://schema.org/InStock",
                  "price": 1.99,
                  "priceCurrency": "EUR"
                }
              },
              "position": 4,
              "url": "https://www.dia.es/charcuteria-y-quesos/jamon-cocido-lacon-fiambres-y-mortadela/p/273737"
            },
            {
              "@type": "ListItem",
              "item": {
                "@type": "Product",
                "image": "https://www.dia.es/product_images/273749/273749_ISO_0_ES.jpg",
                "name": "Bacon en lonchas Nuestra Alacena de Dia sobre 200 g",
                "offers": {
                  "@type": "Offer",
                  "availability": "https://schema.org/InStock",
                  "price": 2.19,
                  "priceCurrency": "EUR"
                }
              },
              "position": 5,
              "url": "https://www.dia.es/charcuteria-y-quesos/jamon-cocido-lacon-fiambres-y-mortadela/p/273749"
            },
            {
              "@type": "ListItem",
              "item": {
                "@type": "Product",
                "image": "https://www.dia.es/product_images/274057/274057_ISO_0_ES.jpg",
                "name": "Jamón de cebo ibérico 50% Nuestra Alacena de Dia bandeja 90 g",
                "offers": {
                  "@type": "Offer",
                  "availability": "https://schema.org/InStock",
                  "price": 4.99,
                  "priceCurrency": "EUR"
                }
              },
              "position": 1,
              "url": "https://www.dia.es/charcuteria-y-quesos/jamon-curado-y-paleta/p/274057"
            },
            {
              "@type": "ListItem",
              "item": {
                "@type": "Product",
                "image": "https://www.dia.es/product_images/274058/274058_ISO_0_ES.jpg",
                "name": "Paleta de cebo ibérica 50% Nuestra Alacena de Dia bandeja 100 g",
                "offers": {
                  "@type": "Offer",
                  "availability": "https://schema.org/InStock",
                  "price": 4.99,
                  "priceCurrency": "EUR"
                }
              },
              "position": 2,
              "url": "https://www.dia.es/charcuteria-y-quesos/jamon-curado-y-paleta/p/274058"
            },
            {
              "@type": "ListItem",
              "item": {
                "@type": "Product",
                "image": "https://www.dia.es/product_images/274051/274051_ISO_0_ES.jpg",
                "name": "Jamón Serrano reserva Nuestra Alacena de Dia bandeja 200 g",
                "offers": {
                  "@type": "Offer",
                  "availability": "https://schema.org/InStock",
                  "price": 3.69,
                  "priceCurrency": "EUR"
                }
              },
              "position": 3,
              "url": "https://www.dia.es/charcuteria-y-quesos/jamon-curado-y-paleta/p/274051"
            },
            {
              "@type": "ListItem",
              "item": {
                "@type": "Product",
                "image": "https://www.dia.es/product_images/274052/274052_ISO_0_ES.jpg",
                "name": "MEDIAS LONCHAS Jamón Serrano Nuestra Alacena de Dia bandeja 100 g",
                "offers": {
                  "@type": "AggregateOffer",
                  "availability": "https://schema.org/InStock",
                  "highPrice": 1.85,
                  "lowPrice": 1.48,
                  "priceCurrency": "EUR"
                }
              },
              "position": 4,
              "url": "https://www.dia.es/charcuteria-y-quesos/jamon-curado-y-paleta/p/274052"
            },
            {
              "@type": "ListItem",
              "item": {
                "@type": "Product",
                "image": "https://www.dia.es/product_images/274053/274053_ISO_0_ES.jpg",
                "name": "LONCHAS EXTRAFINAS Jamón Serrano Nuestra Alacena de Dia bandeja 120 g",
                "offers": {
                  "@type": "Offer",
                  "availability": "https://schema.org/InStock",
                  "price": 2.59,
                  "priceCurrency": "EUR"
                }
              },
              "position": 5,
              "url": "https://www.dia.es/charcuteria-y-quesos/jamon-curado-y-paleta/p/274053"
            },
            {
              "@type": "ListItem",
              "item": {
                "@type": "Product",
                "image": "https://www.dia.es/product_images/273988/273988_ISO_0_ES.jpg",
                "name": "Chorizo extra Nuestra Alacena de Dia bandeja 2 x 100 g",
                "offers": {
                  "@type": "AggregateOffer",
                  "availability": "https://schema.org/InStock",
                  "highPrice": 1.99,
                  "lowPrice": 1.59,
                  "priceCurrency": "EUR"
                }
              },
              "position": 1,
              "url": "https://www.dia.es/charcuteria-y-quesos/lomo-chorizo-fuet-salchichon/p/273988"
            },
            {
              "@type": "ListItem",
              "item": {
                "@type": "Product",
                "image": "https://www.dia.es/product_images/37114/37114_ISO_0_ES.jpg",
                "name": "Espetec extra Casa Tarradellas bolsa 180 g",
                "offers": {
                  "@type": "Offer",
                  "availability": "https://schema.org/InStock",
                  "price": 2.49,
                  "priceCurrency": "EUR"
                }
              },
              "position": 2,
              "url": "https://www.dia.es/charcuteria-y-quesos/lomo-chorizo-fuet-salchichon/p/37114"
            },
            {
              "@type": "ListItem",
              "item": {
                "@type": "Product",
                "image": "https://www.dia.es/product_images/274140/274140_ISO_0_ES.jpg",
                "name": "Salchichón extra Nuestra Alacena de Dia bandeja 2 x 100 g",
                "offers": {
                  "@type": "Offer",
                  "availability": "https://schema.org/InStock",
                  "price": 1.71,
                  "priceCurrency": "EUR"
                }
              },
              "position": 3,
              "url": "https://www.dia.es/charcuteria-y-quesos/lomo-chorizo-fuet-salchichon/p/274140"
            },
            {
              "@type": "ListItem",
              "item": {
                "@type": "Product",
                "image": "https://www.dia.es/product_images/274063/274063_ISO_0_ES.jpg",
                "name": "Lomo embuchado Nuestra Alacena de Dia bandeja 2 x 70 g",
                "offers": {
                  "@type": "Offer",
                  "availability": "https://schema.org/InStock",
                  "price": 2.69,
                  "priceCurrency": "EUR"
                }
              },
              "position": 4,
              "url": "https://www.dia.es/charcuteria-y-quesos/lomo-chorizo-fuet-salchichon/p/274063"
            },
            {
              "@type": "ListItem",
              "item": {
                "@type": "Product",
                "image": "https://www.dia.es/product_images/273976/273976_ISO_0_ES.jpg",
                "name": "Chorizo extra dulce Nuestra Alacena de Dia bolsa 270 g",
                "offers": {
                  "@type": "Offer",
                  "availability": "https://schema.org/InStock",
                  "price": 2.4,
                  "priceCurrency": "EUR"
                }
              },
              "position": 5,
              "url": "https://www.dia.es/charcuteria-y-quesos/lomo-chorizo-fuet-salchichon/p/273976"
            },
            {
              "@type": "ListItem",
              "item": {
                "@type": "Product",
                "image": "https://www.dia.es/product_images/300005/300005_ISO_0_ES.jpg",
                "name": "Queso semicurado Mahón Quesería del Mundo 220 g",
                "offers": {
                  "@type": "Offer",
                  "availability": "https://schema.org/InStock",
                  "price": 3.49,
                  "priceCurrency": "EUR"
                }
              },
              "position": 1,
              "url": "https://www.dia.es/charcuteria-y-quesos/queso-curado-semicurado-y-tierno/p/300005"
            },
            {
              "@type": "ListItem",
              "item": {
                "@type": "Product",
                "image": "https://www.dia.es/product_images/13096/13096_ISO_0_ES.jpg",
                "name": "Queso mozzarella rallado Dia Láctea bolsa 200 g",
                "offers": {
                  "@type": "Offer",
                  "availability": "https://schema.org/InStock",
                  "price": 1.62,
                  "priceCurrency": "EUR"
                }
              },
              "position": 2,
              "url": "https://www.dia.es/charcuteria-y-quesos/queso-curado-semicurado-y-tierno/p/13096"
            },
            {
              "@type": "ListItem",
              "item": {
                "@type": "Product",
                "image": "https://www.dia.es/product_images/300006/300006_ISO_0_ES.jpg",
                "name": "Queso semicurado ibérico Quesería del Mundo 175 g",
                "offers": {
                  "@type": "Offer",
                  "availability": "https://schema.org/InStock",
                  "price": 2.99,
                  "priceCurrency": "EUR"
                }
              },
              "position": 3,
              "url": "https://www.dia.es/charcuteria-y-quesos/queso-curado-semicurado-y-tierno/p/300006"
            },
            {
              "@type": "ListItem",
              "item": {
                "@type": "Product",
                "image": "https://www.dia.es/product_images/108589/108589_ISO_0_ES.jpg",
                "name": "Queso curado El Cencerro de Dia 250 g",
                "offers": {
                  "@type": "Offer",
                  "availability": "https://schema.org/InStock",
                  "price": 2.99,
                  "priceCurrency": "EUR"
                }
              },
              "position": 4,
              "url": "https://www.dia.es/charcuteria-y-quesos/queso-curado-semicurado-y-tierno/p/108589"
            },
            {
              "@type": "ListItem",
              "item": {
                "@type": "Product",
                "image": "https://www.dia.es/product_images/50652/50652_ISO_0_ES.jpg",
                "name": "Queso mezcla 4 quesos rallado Dia Láctea bolsa 200 g",
                "offers": {
                  "@type": "Offer",
                  "availability": "https://schema.org/InStock",
                  "price": 1.99,
                  "priceCurrency": "EUR"
                }
              },
              "position": 5,
              "url": "https://www.dia.es/charcuteria-y-quesos/queso-curado-semicurado-y-tierno/p/50652"
            },
            {
              "@type": "ListItem",
              "item": {
                "@type": "Product",
                "image": "https://www.dia.es/product_images/115669/115669_ISO_0_ES.jpg",
                "name": "Queso fresco natural Dia Láctea tarrina 4 x 62.5 g",
                "offers": {
                  "@type": "Offer",
                  "availability": "https://schema.org/InStock",
                  "price": 1.09,
                  "priceCurrency": "EUR"
                }
              },
              "position": 1,
              "url": "https://www.dia.es/charcuteria-y-quesos/queso-fresco/p/115669"
            },
            {
              "@type": "ListItem",
              "item": {
                "@type": "Product",
                "image": "https://www.dia.es/product_images/115196/115196_ISO_0_ES.jpg",
                "name": "Queso fresco de vaca El Cencerro de Dia tarrina 250 g",
                "offers": {
                  "@type": "AggregateOffer",
                  "availability": "https://schema.org/InStock",
                  "highPrice": 1.66,
                  "lowPrice": 1.33,
                  "priceCurrency": "EUR"
                }
              },
              "position": 2,
              "url": "https://www.dia.es/charcuteria-y-quesos/queso-fresco/p/115196"
            },
            {
              "@type": "ListItem",
              "item": {
                "@type": "Product",
                "image": "https://www.dia.es/product_images/73062/73062_ISO_0_ES.jpg",
                "name": "Queso fresco 0% m.g Dia Láctea tarrina 4 x 62.5 g",
                "offers": {
                  "@type": "Offer",
                  "availability": "https://schema.org/InStock",
                  "price": 1.09,
                  "priceCurrency": "EUR"
                }
              },
              "position": 3,
              "url": "https://www.dia.es/charcuteria-y-quesos/queso-fresco/p/73062"
            },
            {
              "@type": "ListItem",
              "item": {
                "@type": "Product",
                "image": "https://www.dia.es/product_images/108698/108698_ISO_0_ES.jpg",
                "name": "Queso mozzarella fresca Selección Mundial de Dia bolsa 125 g",
                "offers": {
                  "@type": "Offer",
                  "availability": "https://schema.org/InStock",
                  "price": 1.09,
                  "priceCurrency": "EUR"
                }
              },
              "position": 4,
              "url": "https://www.dia.es/charcuteria-y-quesos/queso-fresco/p/108698"
            },
            {
              "@type": "ListItem",
              "item": {
                "@type": "Product",
                "image": "https://www.dia.es/product_images/303551/303551_ISO_0_ES.jpg",
                "name": "Queso fresco natural Dia Láctea tarrina 250 g",
                "offers": {
                  "@type": "Offer",
                  "availability": "https://schema.org/InStock",
                  "price": 1.05,
                  "priceCurrency": "EUR"
                }
              },
              "position": 5,
              "url": "https://www.dia.es/charcuteria-y-quesos/queso-fresco/p/303551"
            },
            {
              "@type": "ListItem",
              "item": {
                "@type": "Product",
                "image": "https://www.dia.es/product_images/222761/222761_ISO_0_ES.jpg",
                "name": "Queso roquefort Selección Mundial de Dia bandeja 100 g",
                "offers": {
                  "@type": "Offer",
                  "availability": "https://schema.org/InStock",
                  "price": 1.9,
                  "priceCurrency": "EUR"
                }
              },
              "position": 1,
              "url": "https://www.dia.es/charcuteria-y-quesos/queso-azul-y-roquefort/p/222761"
            },
            {
              "@type": "ListItem",
              "item": {
                "@type": "Product",
                "image": "https://www.dia.es/product_images/44948/44948_ISO_0_ES.jpg",
                "name": "Queso azul Dia Láctea bandeja 150 g",
                "offers": {
                  "@type": "AggregateOffer",
                  "availability": "https://schema.org/InStock",
                  "highPrice": 1.99,
                  "lowPrice": 1.59,
                  "priceCurrency": "EUR"
                }
              },
              "position": 2,
              "url": "https://www.dia.es/charcuteria-y-quesos/queso-azul-y-roquefort/p/44948"
            },
            {
              "@type": "ListItem",
              "item": {
                "@type": "Product",
                "image": "https://www.dia.es/product_images/303266/303266_ISO_0_ES.jpg",
                "name": "Queso gorgonzola D.O.P. Selección Mundial de Dia bandeja 150 g",
                "offers": {
                  "@type": "Offer",
                  "availability": "https://schema.org/InStock",
                  "price": 1.88,
                  "priceCurrency": "EUR"
                }
              },
              "position": 3,
              "url": "https://www.dia.es/charcuteria-y-quesos/queso-azul-y-roquefort/p/303266"
            },
            {
              "@type": "ListItem",
              "item": {
                "@type": "Product",
                "image": "https://www.dia.es/product_images/299577/299577_ISO_0_ES.jpg",
                "name": "Queso picón azul Quesería del Mundo 150 g",
                "offers": {
                  "@type": "Offer",
                  "availability": "https://schema.org/InStock",
                  "price": 2.49,
                  "priceCurrency": "EUR"
                }
              },
              "position": 4,
              "url": "https://www.dia.es/charcuteria-y-quesos/queso-azul-y-roquefort/p/299577"
            },
            {
              "@type": "ListItem",
              "item": {
                "@type": "Product",
                "image": "https://www.dia.es/product_images/302540/302540_ISO_0_ES.jpg",
                "name": "Queso brie azul Petit blue 150 g",
                "offers": {
                  "@type": "Offer",
                  "availability": "https://schema.org/InStock",
                  "price": 2.25,
                  "priceCurrency": "EUR"
                }
              },
              "position": 5,
              "url": "https://www.dia.es/charcuteria-y-quesos/queso-azul-y-roquefort/p/302540"
            },
            {
              "@type": "ListItem",
              "item": {
                "@type": "Product",
                "image": "https://www.dia.es/product_images/263518/263518_ISO_0_ES.jpg",
                "name": "Queso de untar natural Dia Láctea tarrina 250 g",
                "offers": {
                  "@type": "Offer",
                  "availability": "https://schema.org/InStock",
                  "price": 1.25,
                  "priceCurrency": "EUR"
                }
              },
              "position": 1,
              "url": "https://www.dia.es/charcuteria-y-quesos/quesos-fundidos-y-cremas/p/263518"
            },
            {
              "@type": "ListItem",
              "item": {
                "@type": "Product",
                "image": "https://www.dia.es/product_images/302541/302541_ISO_0_ES.jpg",
                "name": "Queso fundido sándwich Dia Láctea bolsa 200 g",
                "offers": {
                  "@type": "Offer",
                  "availability": "https://schema.org/InStock",
                  "price": 0.99,
                  "priceCurrency": "EUR"
                }
              },
              "position": 2,
              "url": "https://www.dia.es/charcuteria-y-quesos/quesos-fundidos-y-cremas/p/302541"
            },
            {
              "@type": "ListItem",
              "item": {
                "@type": "Product",
                "image": "https://www.dia.es/product_images/120200/120200_ISO_0_ES.jpg",
                "name": "Crema con queso camembert Dia Láctea tarrina 125 g",
                "offers": {
                  "@type": "Offer",
                  "availability": "https://schema.org/InStock",
                  "price": 1.49,
                  "priceCurrency": "EUR"
                }
              },
              "position": 3,
              "url": "https://www.dia.es/charcuteria-y-quesos/quesos-fundidos-y-cremas/p/120200"
            },
            {
              "@type": "ListItem",
              "item": {
                "@type": "Product",
                "image": "https://www.dia.es/product_images/263519/263519_ISO_0_ES.jpg",
                "name": "Queso de untar natural light Dia Láctea tarrina 250 g",
                "offers": {
                  "@type": "Offer",
                  "availability": "https://schema.org/InStock",
                  "price": 1.25,
                  "priceCurrency": "EUR"
                }
              },
              "position": 4,
              "url": "https://www.dia.es/charcuteria-y-quesos/quesos-fundidos-y-cremas/p/263519"
            },
            {
              "@type": "ListItem",
              "item": {
                "@type": "Product",
                "image": "https://www.dia.es/product_images/296054/296054_ISO_0_ES.jpg",
                "name": "Crema con queso de cabra Dia Láctea tarrina 125 g",
                "offers": {
                  "@type": "Offer",
                  "availability": "https://schema.org/InStock",
                  "price": 1.49,
                  "priceCurrency": "EUR"
                }
              },
              "position": 5,
              "url": "https://www.dia.es/charcuteria-y-quesos/quesos-fundidos-y-cremas/p/296054"
            },
            {
              "@type": "ListItem",
              "item": {
                "@type": "Product",
                "image": "https://www.dia.es/product_images/263217/263217_ISO_0_ES.jpg",
                "name": "Queso edam Selección Mundial de Dia sobre 240 g",
                "offers": {
                  "@type": "Offer",
                  "availability": "https://schema.org/InStock",
                  "price": 1.88,
                  "priceCurrency": "EUR"
                }
              },
              "position": 1,
              "url": "https://www.dia.es/charcuteria-y-quesos/quesos-internacionales/p/263217"
            },
            {
              "@type": "ListItem",
              "item": {
                "@type": "Product",
                "image": "https://www.dia.es/product_images/299580/299580_ISO_0_ES.jpg",
                "name": "Queso Munster Quesería del Mundo 125 g",
                "offers": {
                  "@type": "Offer",
                  "availability": "https://schema.org/InStock",
                  "price": 2.49,
                  "priceCurrency": "EUR"
                }
              },
              "position": 2,
              "url": "https://www.dia.es/charcuteria-y-quesos/quesos-internacionales/p/299580"
            },
            {
              "@type": "ListItem",
              "item": {
                "@type": "Product",
                "image": "https://www.dia.es/product_images/299583/299583_ISO_0_ES.jpg",
                "name": "Queso gouda cominos Quesería del Mundo 175 g",
                "offers": {
                  "@type": "Offer",
                  "availability": "https://schema.org/InStock",
                  "price": 2.49,
                  "priceCurrency": "EUR"
                }
              },
              "position": 3,
              "url": "https://www.dia.es/charcuteria-y-quesos/quesos-internacionales/p/299583"
            },
            {
              "@type": "ListItem",
              "item": {
                "@type": "Product",
                "image": "https://www.dia.es/product_images/299585/299585_ISO_0_ES.jpg",
                "name": "Queso Wensleydale con arándanos Quesería del Mundo 150 g",
                "offers": {
                  "@type": "Offer",
                  "availability": "https://schema.org/InStock",
                  "price": 2.99,
                  "priceCurrency": "EUR"
                }
              },
              "position": 4,
              "url": "https://www.dia.es/charcuteria-y-quesos/quesos-internacionales/p/299585"
            },
            {
              "@type": "ListItem",
              "item": {
                "@type": "Product",
                "image": "https://www.dia.es/product_images/299589/299589_ISO_0_ES.jpg",
                "name": "Queso mascarpone gorgonzola Quesería del Mundo 180 g",
                "offers": {
                  "@type": "Offer",
                  "availability": "https://schema.org/InStock",
                  "price": 2.99,
                  "priceCurrency": "EUR"
                }
              },
              "position": 5,
              "url": "https://www.dia.es/charcuteria-y-quesos/quesos-internacionales/p/299589"
            },
            {
              "@type": "ListItem",
              "item": {
                "@type": "Product",
                "image": "https://www.dia.es/product_images/303819/303819_ISO_0_ES.jpg",
                "name": "Salchichas frankfurt Funky Frank de Dia bolsa 2 x 160 g",
                "offers": {
                  "@type": "Offer",
                  "availability": "https://schema.org/InStock",
                  "price": 0.99,
                  "priceCurrency": "EUR"
                }
              },
              "position": 1,
              "url": "https://www.dia.es/charcuteria-y-quesos/salchichas/p/303819"
            },
            {
              "@type": "ListItem",
              "item": {
                "@type": "Product",
                "image": "https://www.dia.es/product_images/303887/303887_ISO_0_ES.jpg",
                "name": "Salchichas viena con queso Funky Frank de Dia bolsa 200 g",
                "offers": {
                  "@type": "AggregateOffer",
                  "availability": "https://schema.org/InStock",
                  "highPrice": 0.75,
                  "lowPrice": 0.6,
                  "priceCurrency": "EUR"
                }
              },
              "position": 2,
              "url": "https://www.dia.es/charcuteria-y-quesos/salchichas/p/303887"
            },
            {
              "@type": "ListItem",
              "item": {
                "@type": "Product",
                "image": "https://www.dia.es/product_images/303820/303820_ISO_0_ES.jpg",
                "name": "Salchichas frankfurt con queso Funky Frank de Dia bolsa 2 x 140 g",
                "offers": {
                  "@type": "Offer",
                  "availability": "https://schema.org/InStock",
                  "price": 0.99,
                  "priceCurrency": "EUR"
                }
              },
              "position": 3,
              "url": "https://www.dia.es/charcuteria-y-quesos/salchichas/p/303820"
            },
            {
              "@type": "ListItem",
              "item": {
                "@type": "Product",
                "image": "https://www.dia.es/product_images/125955/125955_ISO_0_ES.jpg",
                "name": "Salchichas cocidas frankfurt Campofrío bolsa 4 x 140 g",
                "offers": {
                  "@type": "Offer",
                  "availability": "https://schema.org/InStock",
                  "price": 2.45,
                  "priceCurrency": "EUR"
                }
              },
              "position": 4,
              "url": "https://www.dia.es/charcuteria-y-quesos/salchichas/p/125955"
            },
            {
              "@type": "ListItem",
              "item": {
                "@type": "Product",
                "image": "https://www.dia.es/product_images/303888/303888_ISO_0_ES.jpg",
                "name": "Salchichas viena de pollo Funky Frank de Dia bolsa 200 g",
                "offers": {
                  "@type": "AggregateOffer",
                  "availability": "https://schema.org/InStock",
                  "highPrice": 0.75,
                  "lowPrice": 0.6,
                  "priceCurrency": "EUR"
                }
              },
              "position": 5,
              "url": "https://www.dia.es/charcuteria-y-quesos/salchichas/p/303888"
            },
            {
              "@type": "ListItem",
              "item": {
                "@type": "Product",
                "image": "https://www.dia.es/product_images/306350/306350_ISO_0_ES.jpg",
                "name": "Paté clásico La piara lata 2 x 75 g",
                "offers": {
                  "@type": "Offer",
                  "availability": "https://schema.org/InStock",
                  "price": 1,
                  "priceCurrency": "EUR"
                }
              },
              "position": 1,
              "url": "https://www.dia.es/charcuteria-y-quesos/foie-pate-y-sobrasada/p/306350"
            },
            {
              "@type": "ListItem",
              "item": {
                "@type": "Product",
                "image": "https://www.dia.es/product_images/293539/293539_ISO_0_ES.jpg",
                "name": "Paté de atún  Nuestra Alacena de Dia pack 2 x 75 g",
                "offers": {
                  "@type": "Offer",
                  "availability": "https://schema.org/InStock",
                  "price": 1.65,
                  "priceCurrency": "EUR"
                }
              },
              "position": 2,
              "url": "https://www.dia.es/charcuteria-y-quesos/foie-pate-y-sobrasada/p/293539"
            },
            {
              "@type": "ListItem",
              "item": {
                "@type": "Product",
                "image": "https://www.dia.es/product_images/39997/39997_ISO_0_ES.jpg",
                "name": "Paté a la pimienta Nuestra Alacena de Dia frasco 125 g",
                "offers": {
                  "@type": "Offer",
                  "availability": "https://schema.org/InStock",
                  "price": 1.09,
                  "priceCurrency": "EUR"
                }
              },
              "position": 3,
              "url": "https://www.dia.es/charcuteria-y-quesos/foie-pate-y-sobrasada/p/39997"
            },
            {
              "@type": "ListItem",
              "item": {
                "@type": "Product",
                "image": "https://www.dia.es/product_images/280341/280341_ISO_0_ES.jpg",
                "name": "Mousse de foie de pato Aoste blister 100 g",
                "offers": {
                  "@type": "Offer",
                  "availability": "https://schema.org/InStock",
                  "price": 1.99,
                  "priceCurrency": "EUR"
                }
              },
              "position": 4,
              "url": "https://www.dia.es/charcuteria-y-quesos/foie-pate-y-sobrasada/p/280341"
            },
            {
              "@type": "ListItem",
              "item": {
                "@type": "Product",
                "image": "https://www.dia.es/product_images/57937/57937_ISO_0_ES.jpg",
                "name": "Paté de cerdo ibérico Nuestra Alacena de Dia frasco 125 g",
                "offers": {
                  "@type": "Offer",
                  "availability": "https://schema.org/InStock",
                  "price": 1.19,
                  "priceCurrency": "EUR"
                }
              },
              "position": 5,
              "url": "https://www.dia.es/charcuteria-y-quesos/foie-pate-y-sobrasada/p/57937"
            }
          ],
          "numberOfItems": 648,
          "url": "https://www.dia.es/charcuteria-y-quesos/c/L101"
        },
        "l1": {
          "categoriesList": [
            {
              "category_id": "L2001",
              "category_name": "Jamón cocido, lacón, fiambres y mortadela",
              "has_more_items": true,
              "items": [
                {
                  "brand": "Nuestra Alacena de Dia",
                  "display_name": "Bacon en tiras Nuestra Alacena de Dia bandeja 2 x 100 g",
                  "expiration_days": 0,
                  "image": "/product_images/273750/273750_ISO_0_ES.jpg",
                  "object_id": "273750",
                  "prices": {
                    "currency": "EUR",
                    "discount_percentage": 0,
                    "is_club_price": false,
                    "is_promo_price": false,
                    "measure_unit": "KILO",
                    "price": 1.84,
                    "price_per_unit": 9.2,
                    "strikethrough_price": 1.84
                  },
                  "product_info": "Sin gluten | Sin lactosa",
                  "sku_id": "273750",
                  "units_in_cart": 0,
                  "units_in_stock": 383,
                  "url": "/charcuteria-y-quesos/jamon-cocido-lacon-fiambres-y-mortadela/p/273750",
                  "weight": 0
                },
                {
                  "brand": "Nuestra Alacena de Dia",
                  "display_name": "Pechuga de pavo Nuestra Alacena de Dia sobre 2 x 200 g",
                  "expiration_days": 0,
                  "image": "/product_images/273810/273810_ISO_0_ES.jpg",
                  "object_id": "273810",
                  "prices": {
                    "currency": "EUR",
                    "discount_percentage": 0,
                    "is_club_price": false,
                    "is_promo_price": false,
                    "measure_unit": "KILO",
                    "price": 4.09,
                    "price_per_unit": 10.23,
                    "strikethrough_price": 4.09
                  },
                  "product_info": "Sin gluten | Sin lactosa",
                  "sku_id": "273810",
                  "units_in_cart": 0,
                  "units_in_stock": 265,
                  "url": "/charcuteria-y-quesos/jamon-cocido-lacon-fiambres-y-mortadela/p/273810",
                  "weight": 0
                },
                {
                  "brand": "Nuestra Alacena de Dia",
                  "display_name": "Jamón cocido extra Nuestra Alacena de Dia sobre 2 x 225 g",
                  "expiration_days": 0,
                  "image": "/product_images/273957/273957_ISO_0_ES.jpg",
                  "object_id": "273957",
                  "prices": {
                    "currency": "EUR",
                    "discount_percentage": 0,
                    "is_club_price": false,
                    "is_promo_price": false,
                    "measure_unit": "KILO",
                    "price": 3.45,
                    "price_per_unit": 7.67,
                    "strikethrough_price": 3.45
                  },
                  "product_info": "Sin gluten | Sin lactosa",
                  "sku_id": "273957",
                  "units_in_cart": 0,
                  "units_in_stock": 294,
                  "url": "/charcuteria-y-quesos/jamon-cocido-lacon-fiambres-y-mortadela/p/273957",
                  "weight": 0
                },
                {
                  "brand": "Nuestra Alacena de Dia",
                  "display_name": "Jamón cocido extra 97% carne Nuestra Alacena de Dia sobre 150 g",
                  "expiration_days": 0,
                  "image": "/product_images/273737/273737_ISO_0_ES.jpg",
                  "object_id": "273737",
                  "prices": {
                    "currency": "EUR",
                    "discount_percentage": 0,
                    "is_club_price": false,
                    "is_promo_price": false,
                    "measure_unit": "KILO",
                    "price": 1.99,
                    "price_per_unit": 13.27,
                    "strikethrough_price": 1.99
                  },
                  "product_info": "Sin gluten | Sin lactosa",
                  "sku_id": "273737",
                  "units_in_cart": 0,
                  "units_in_stock": 224,
                  "url": "/charcuteria-y-quesos/jamon-cocido-lacon-fiambres-y-mortadela/p/273737",
                  "weight": 0
                },
                {
                  "brand": "Nuestra Alacena de Dia",
                  "display_name": "Bacon en lonchas Nuestra Alacena de Dia sobre 200 g",
                  "expiration_days": 0,
                  "image": "/product_images/273749/273749_ISO_0_ES.jpg",
                  "object_id": "273749",
                  "prices": {
                    "currency": "EUR",
                    "discount_percentage": 0,
                    "is_club_price": false,
                    "is_promo_price": false,
                    "measure_unit": "KILO",
                    "price": 2.19,
                    "price_per_unit": 10.95,
                    "strikethrough_price": 2.19
                  },
                  "product_info": "Sin gluten | Sin lactosa",
                  "sku_id": "273749",
                  "units_in_cart": 0,
                  "units_in_stock": 235,
                  "url": "/charcuteria-y-quesos/jamon-cocido-lacon-fiambres-y-mortadela/p/273749",
                  "weight": 0
                }
              ],
              "link": "/charcuteria-y-quesos/jamon-cocido-lacon-fiambres-y-mortadela/c/L2001",
              "query_id": "9f8cb4868c21bbc2958de99cc2b2dbac"
            },
            {
              "category_id": "L2004",
              "category_name": "Jamón curado y paleta",
              "has_more_items": true,
              "items": [
                {
                  "brand": "Nuestra Alacena de Dia",
                  "display_name": "Jamón de cebo ibérico 50% Nuestra Alacena de Dia bandeja 90 g",
                  "expiration_days": 0,
                  "image": "/product_images/274057/274057_ISO_0_ES.jpg",
                  "object_id": "274057",
                  "prices": {
                    "currency": "EUR",
                    "discount_percentage": 0,
                    "is_club_price": false,
                    "is_promo_price": false,
                    "measure_unit": "KILO",
                    "price": 4.99,
                    "price_per_unit": 55.44,
                    "strikethrough_price": 4.99
                  },
                  "sku_id": "274057",
                  "units_in_cart": 0,
                  "units_in_stock": 82,
                  "url": "/charcuteria-y-quesos/jamon-curado-y-paleta/p/274057",
                  "weight": 0
                },
                {
                  "brand": "Nuestra Alacena de Dia",
                  "display_name": "Paleta de cebo ibérica 50% Nuestra Alacena de Dia bandeja 100 g",
                  "expiration_days": 0,
                  "image": "/product_images/274058/274058_ISO_0_ES.jpg",
                  "object_id": "274058",
                  "prices": {
                    "currency": "EUR",
                    "discount_percentage": 0,
                    "is_club_price": false,
                    "is_promo_price": false,
                    "measure_unit": "KILO",
                    "price": 4.99,
                    "price_per_unit": 49.9,
                    "strikethrough_price": 4.99
                  },
                  "sku_id": "274058",
                  "units_in_cart": 0,
                  "units_in_stock": 51,
                  "url": "/charcuteria-y-quesos/jamon-curado-y-paleta/p/274058",
                  "weight": 0
                },
                {
                  "brand": "Nuestra Alacena de Dia",
                  "display_name": "Jamón Serrano reserva Nuestra Alacena de Dia bandeja 200 g",
                  "expiration_days": 0,
                  "image": "/product_images/274051/274051_ISO_0_ES.jpg",
                  "object_id": "274051",
                  "prices": {
                    "currency": "EUR",
                    "discount_percentage": 0,
                    "is_club_price": false,
                    "is_promo_price": false,
                    "measure_unit": "KILO",
                    "price": 3.69,
                    "price_per_unit": 18.45,
                    "strikethrough_price": 3.69
                  },
                  "product_info": "Sin gluten | Sin lactosa",
                  "sku_id": "274051",
                  "units_in_cart": 0,
                  "units_in_stock": 247,
                  "url": "/charcuteria-y-quesos/jamon-curado-y-paleta/p/274051",
                  "weight": 0
                },
                {
                  "brand": "Nuestra Alacena de Dia",
                  "display_name": "MEDIAS LONCHAS Jamón Serrano Nuestra Alacena de Dia bandeja 100 g",
                  "expiration_days": 0,
                  "image": "/product_images/274052/274052_ISO_0_ES.jpg",
                  "object_id": "274052",
                  "prices": {
                    "currency": "EUR",
                    "discount_percentage": 20,
                    "is_club_price": true,
                    "is_promo_price": true,
                    "measure_unit": "KILO",
                    "price": 1.48,
                    "price_per_unit": 14.8,
                    "strikethrough_price": 1.85
                  },
                  "product_info": "Sin gluten | Sin lactosa",
                  "sku_id": "274052",
                  "units_in_cart": 0,
                  "units_in_stock": 184,
                  "url": "/charcuteria-y-quesos/jamon-curado-y-paleta/p/274052",
                  "weight": 0
                },
                {
                  "brand": "Nuestra Alacena de Dia",
                  "display_name": "LONCHAS EXTRAFINAS Jamón Serrano Nuestra Alacena de Dia bandeja 120 g",
                  "expiration_days": 0,
                  "image": "/product_images/274053/274053_ISO_0_ES.jpg",
                  "object_id": "274053",
                  "prices": {
                    "currency": "EUR",
                    "discount_percentage": 0,
                    "is_club_price": false,
                    "is_promo_price": false,
                    "measure_unit": "KILO",
                    "price": 2.59,
                    "price_per_unit": 21.58,
                    "strikethrough_price": 2.59
                  },
                  "sku_id": "274053",
                  "units_in_cart": 0,
                  "units_in_stock": 64,
                  "url": "/charcuteria-y-quesos/jamon-curado-y-paleta/p/274053",
                  "weight": 0
                }
              ],
              "link": "/charcuteria-y-quesos/jamon-curado-y-paleta/c/L2004",
              "query_id": "a01f1a3012af4fe6e71dfe18eea37804"
            },
            {
              "category_id": "L2005",
              "category_name": "Lomo, chorizo, fuet, salchichón",
              "has_more_items": true,
              "items": [
                {
                  "brand": "Nuestra Alacena de Dia",
                  "display_name": "Chorizo extra Nuestra Alacena de Dia bandeja 2 x 100 g",
                  "expiration_days": 0,
                  "image": "/product_images/273988/273988_ISO_0_ES.jpg",
                  "object_id": "273988",
                  "prices": {
                    "currency": "EUR",
                    "discount_percentage": 20,
                    "is_club_price": true,
                    "is_promo_price": true,
                    "measure_unit": "KILO",
                    "price": 1.59,
                    "price_per_unit": 7.96,
                    "strikethrough_price": 1.99
                  },
                  "product_info": "Sin gluten",
                  "sku_id": "273988",
                  "units_in_cart": 0,
                  "units_in_stock": 182,
                  "url": "/charcuteria-y-quesos/lomo-chorizo-fuet-salchichon/p/273988",
                  "weight": 0
                },
                {
                  "brand": "Casa Tarradellas",
                  "display_name": "Espetec extra Casa Tarradellas bolsa 180 g",
                  "expiration_days": 0,
                  "image": "/product_images/37114/37114_ISO_0_ES.jpg",
                  "object_id": "37114",
                  "prices": {
                    "currency": "EUR",
                    "discount_percentage": 0,
                    "is_club_price": false,
                    "is_promo_price": false,
                    "measure_unit": "KILO",
                    "price": 2.49,
                    "price_per_unit": 13.83,
                    "strikethrough_price": 2.49
                  },
                  "product_info": "Sin gluten",
                  "sku_id": "37114",
                  "units_in_cart": 0,
                  "units_in_stock": 229,
                  "url": "/charcuteria-y-quesos/lomo-chorizo-fuet-salchichon/p/37114",
                  "weight": 0
                },
                {
                  "brand": "Nuestra Alacena de Dia",
                  "display_name": "Salchichón extra Nuestra Alacena de Dia bandeja 2 x 100 g",
                  "expiration_days": 0,
                  "image": "/product_images/274140/274140_ISO_0_ES.jpg",
                  "object_id": "274140",
                  "prices": {
                    "currency": "EUR",
                    "discount_percentage": 0,
                    "is_club_price": false,
                    "is_promo_price": false,
                    "measure_unit": "KILO",
                    "price": 1.71,
                    "price_per_unit": 8.55,
                    "strikethrough_price": 1.71
                  },
                  "product_info": "Sin gluten",
                  "sku_id": "274140",
                  "units_in_cart": 0,
                  "units_in_stock": 81,
                  "url": "/charcuteria-y-quesos/lomo-chorizo-fuet-salchichon/p/274140",
                  "weight": 0
                },
                {
                  "brand": "Nuestra Alacena de Dia",
                  "display_name": "Lomo embuchado Nuestra Alacena de Dia bandeja 2 x 70 g",
                  "expiration_days": 0,
                  "image": "/product_images/274063/274063_ISO_0_ES.jpg",
                  "object_id": "274063",
                  "prices": {
                    "currency": "EUR",
                    "discount_percentage": 0,
                    "is_club_price": false,
                    "is_promo_price": false,
                    "measure_unit": "KILO",
                    "price": 2.69,
                    "price_per_unit": 19.21,
                    "strikethrough_price": 2.69
                  },
                  "sku_id": "274063",
                  "units_in_cart": 0,
                  "units_in_stock": 180,
                  "url": "/charcuteria-y-quesos/lomo-chorizo-fuet-salchichon/p/274063",
                  "weight": 0
                },
                {
                  "brand": "Nuestra Alacena de Dia",
                  "display_name": "Chorizo extra dulce Nuestra Alacena de Dia bolsa 270 g",
                  "expiration_days": 0,
                  "image": "/product_images/273976/273976_ISO_0_ES.jpg",
                  "object_id": "273976",
                  "prices": {
                    "currency": "EUR",
                    "discount_percentage": 0,
                    "is_club_price": false,
                    "is_promo_price": false,
                    "measure_unit": "KILO",
                    "price": 2.4,
                    "price_per_unit": 8.89,
                    "strikethrough_price": 2.4
                  },
                  "product_info": "Sin gluten | Sin lactosa",
                  "sku_id": "273976",
                  "units_in_cart": 0,
                  "units_in_stock": 303,
                  "url": "/charcuteria-y-quesos/lomo-chorizo-fuet-salchichon/p/273976",
                  "weight": 0
                }
              ],
              "link": "/charcuteria-y-quesos/lomo-chorizo-fuet-salchichon/c/L2005",
              "query_id": "647a275f5f2374bd11cd691ffaac129e"
            },
            {
              "category_id": "L2007",
              "category_name": "Queso curado, semicurado y tierno",
              "has_more_items": true,
              "items": [
                {
                  "brand": "Queseria del mundo",
                  "display_name": "Queso semicurado Mahón Quesería del Mundo 220 g",
                  "expiration_days": 0,
                  "image": "/product_images/300005/300005_ISO_0_ES.jpg",
                  "object_id": "300005",
                  "prices": {
                    "currency": "EUR",
                    "discount_percentage": 0,
                    "is_club_price": false,
                    "is_promo_price": false,
                    "measure_unit": "KILO",
                    "price": 3.49,
                    "price_per_unit": 15.86,
                    "strikethrough_price": 3.49
                  },
                  "product_info": "Sin gluten",
                  "sku_id": "300005",
                  "units_in_cart": 0,
                  "units_in_stock": 23,
                  "url": "/charcuteria-y-quesos/queso-curado-semicurado-y-tierno/p/300005",
                  "weight": 0
                },
                {
                  "brand": "Dia Láctea",
                  "display_name": "Queso mozzarella rallado Dia Láctea bolsa 200 g",
                  "expiration_days": 0,
                  "image": "/product_images/13096/13096_ISO_0_ES.jpg",
                  "object_id": "13096",
                  "prices": {
                    "currency": "EUR",
                    "discount_percentage": 0,
                    "is_club_price": false,
                    "is_promo_price": false,
                    "measure_unit": "KILO",
                    "price": 1.62,
                    "price_per_unit": 8.1,
                    "strikethrough_price": 1.62
                  },
                  "sku_id": "13096",
                  "units_in_cart": 0,
                  "units_in_stock": 472,
                  "url": "/charcuteria-y-quesos/queso-curado-semicurado-y-tierno/p/13096",
                  "weight": 0
                },
                {
                  "brand": "Queseria del mundo",
                  "display_name": "Queso semicurado ibérico Quesería del Mundo 175 g",
                  "expiration_days": 0,
                  "image": "/product_images/300006/300006_ISO_0_ES.jpg",
                  "object_id": "300006",
                  "prices": {
                    "currency": "EUR",
                    "discount_percentage": 0,
                    "is_club_price": false,
                    "is_promo_price": false,
                    "measure_unit": "KILO",
                    "price": 2.99,
                    "price_per_unit": 17.09,
                    "strikethrough_price": 2.99
                  },
                  "product_info": "Sin gluten",
                  "sku_id": "300006",
                  "units_in_cart": 0,
                  "units_in_stock": 40,
                  "url": "/charcuteria-y-quesos/queso-curado-semicurado-y-tierno/p/300006",
                  "weight": 0
                },
                {
                  "brand": "El Cencerro de Dia",
                  "display_name": "Queso curado El Cencerro de Dia 250 g",
                  "expiration_days": 0,
                  "image": "/product_images/108589/108589_ISO_0_ES.jpg",
                  "object_id": "108589",
                  "prices": {
                    "currency": "EUR",
                    "discount_percentage": 0,
                    "is_club_price": false,
                    "is_promo_price": false,
                    "measure_unit": "KILO",
                    "price": 2.99,
                    "price_per_unit": 11.96,
                    "strikethrough_price": 2.99
                  },
                  "product_info": "Sin gluten",
                  "sku_id": "108589",
                  "units_in_cart": 0,
                  "units_in_stock": 104,
                  "url": "/charcuteria-y-quesos/queso-curado-semicurado-y-tierno/p/108589",
                  "weight": 0
                },
                {
                  "brand": "Dia Láctea",
                  "display_name": "Queso mezcla 4 quesos rallado Dia Láctea bolsa 200 g",
                  "expiration_days": 0,
                  "image": "/product_images/50652/50652_ISO_0_ES.jpg",
                  "object_id": "50652",
                  "prices": {
                    "currency": "EUR",
                    "discount_percentage": 0,
                    "is_club_price": false,
                    "is_promo_price": false,
                    "measure_unit": "KILO",
                    "price": 1.99,
                    "price_per_unit": 9.95,
                    "strikethrough_price": 1.99
                  },
                  "sku_id": "50652",
                  "units_in_cart": 0,
                  "units_in_stock": 311,
                  "url": "/charcuteria-y-quesos/queso-curado-semicurado-y-tierno/p/50652",
                  "weight": 0
                }
              ],
              "link": "/charcuteria-y-quesos/queso-curado-semicurado-y-tierno/c/L2007",
              "query_id": "43d074748179e4dfb8e3c6f116c2f9f1"
            },
            {
              "category_id": "L2008",
              "category_name": "Queso fresco",
              "has_more_items": true,
              "items": [
                {
                  "brand": "Dia Láctea",
                  "display_name": "Queso fresco natural Dia Láctea tarrina 4 x 62.5 g",
                  "expiration_days": 0,
                  "image": "/product_images/115669/115669_ISO_0_ES.jpg",
                  "object_id": "115669",
                  "prices": {
                    "currency": "EUR",
                    "discount_percentage": 0,
                    "is_club_price": false,
                    "is_promo_price": false,
                    "measure_unit": "KILO",
                    "price": 1.09,
                    "price_per_unit": 4.36,
                    "strikethrough_price": 1.09
                  },
                  "sku_id": "115669",
                  "units_in_cart": 0,
                  "units_in_stock": 189,
                  "url": "/charcuteria-y-quesos/queso-fresco/p/115669",
                  "weight": 0
                },
                {
                  "brand": "El Cencerro de Dia",
                  "display_name": "Queso fresco de vaca El Cencerro de Dia tarrina 250 g",
                  "expiration_days": 0,
                  "image": "/product_images/115196/115196_ISO_0_ES.jpg",
                  "object_id": "115196",
                  "prices": {
                    "currency": "EUR",
                    "discount_percentage": 20,
                    "is_club_price": true,
                    "is_promo_price": true,
                    "measure_unit": "KILO",
                    "price": 1.33,
                    "price_per_unit": 5.31,
                    "strikethrough_price": 1.66
                  },
                  "sku_id": "115196",
                  "units_in_cart": 0,
                  "units_in_stock": 34,
                  "url": "/charcuteria-y-quesos/queso-fresco/p/115196",
                  "weight": 0
                },
                {
                  "brand": "Dia Láctea",
                  "display_name": "Queso fresco 0% m.g Dia Láctea tarrina 4 x 62.5 g",
                  "expiration_days": 0,
                  "image": "/product_images/73062/73062_ISO_0_ES.jpg",
                  "object_id": "73062",
                  "prices": {
                    "currency": "EUR",
                    "discount_percentage": 0,
                    "is_club_price": false,
                    "is_promo_price": false,
                    "measure_unit": "KILO",
                    "price": 1.09,
                    "price_per_unit": 4.36,
                    "strikethrough_price": 1.09
                  },
                  "sku_id": "73062",
                  "units_in_cart": 0,
                  "units_in_stock": 129,
                  "url": "/charcuteria-y-quesos/queso-fresco/p/73062",
                  "weight": 0
                },
                {
                  "brand": "Selección Mundial de Dia",
                  "display_name": "Queso mozzarella fresca Selección Mundial de Dia bolsa 125 g",
                  "expiration_days": 0,
                  "image": "/product_images/108698/108698_ISO_0_ES.jpg",
                  "object_id": "108698",
                  "prices": {
                    "currency": "EUR",
                    "discount_percentage": 0,
                    "is_club_price": false,
                    "is_promo_price": false,
                    "measure_unit": "KILO",
                    "price": 1.09,
                    "price_per_unit": 8.72,
                    "strikethrough_price": 1.09
                  },
                  "sku_id": "108698",
                  "units_in_cart": 0,
                  "units_in_stock": 135,
                  "url": "/charcuteria-y-quesos/queso-fresco/p/108698",
                  "weight": 0
                },
                {
                  "brand": "Dia Láctea",
                  "display_name": "Queso fresco natural Dia Láctea tarrina 250 g",
                  "expiration_days": 0,
                  "image": "/product_images/303551/303551_ISO_0_ES.jpg",
                  "object_id": "303551",
                  "prices": {
                    "currency": "EUR",
                    "discount_percentage": 0,
                    "is_club_price": false,
                    "is_promo_price": false,
                    "measure_unit": "KILO",
                    "price": 1.05,
                    "price_per_unit": 4.2,
                    "strikethrough_price": 1.05
                  },
                  "product_info": "Sin gluten",
                  "sku_id": "303551",
                  "units_in_cart": 0,
                  "units_in_stock": 109,
                  "url": "/charcuteria-y-quesos/queso-fresco/p/303551",
                  "weight": 0
                }
              ],
              "link": "/charcuteria-y-quesos/queso-fresco/c/L2008",
              "query_id": "c53fede3412df354b5dd1b097d6af4e9"
            },
            {
              "category_id": "L2009",
              "category_name": "Queso azul y roquefort",
              "items": [
                {
                  "brand": "Selección Mundial de Dia",
                  "display_name": "Queso roquefort Selección Mundial de Dia bandeja 100 g",
                  "expiration_days": 0,
                  "image": "/product_images/222761/222761_ISO_0_ES.jpg",
                  "object_id": "222761",
                  "prices": {
                    "currency": "EUR",
                    "discount_percentage": 0,
                    "is_club_price": false,
                    "is_promo_price": false,
                    "measure_unit": "KILO",
                    "price": 1.9,
                    "price_per_unit": 19,
                    "strikethrough_price": 1.9
                  },
                  "sku_id": "222761",
                  "units_in_cart": 0,
                  "units_in_stock": 61,
                  "url": "/charcuteria-y-quesos/queso-azul-y-roquefort/p/222761",
                  "weight": 0
                },
                {
                  "brand": "Dia Láctea",
                  "display_name": "Queso azul Dia Láctea bandeja 150 g",
                  "expiration_days": 0,
                  "image": "/product_images/44948/44948_ISO_0_ES.jpg",
                  "object_id": "44948",
                  "prices": {
                    "currency": "EUR",
                    "discount_percentage": 20,
                    "is_club_price": true,
                    "is_promo_price": true,
                    "measure_unit": "KILO",
                    "price": 1.59,
                    "price_per_unit": 10.61,
                    "strikethrough_price": 1.99
                  },
                  "sku_id": "44948",
                  "units_in_cart": 0,
                  "units_in_stock": 139,
                  "url": "/charcuteria-y-quesos/queso-azul-y-roquefort/p/44948",
                  "weight": 0
                },
                {
                  "brand": "Selección Mundial de Dia",
                  "display_name": "Queso gorgonzola D.O.P. Selección Mundial de Dia bandeja 150 g",
                  "expiration_days": 0,
                  "image": "/product_images/303266/303266_ISO_0_ES.jpg",
                  "object_id": "303266",
                  "prices": {
                    "currency": "EUR",
                    "discount_percentage": 0,
                    "is_club_price": false,
                    "is_promo_price": false,
                    "measure_unit": "KILO",
                    "price": 1.88,
                    "price_per_unit": 12.53,
                    "strikethrough_price": 1.88
                  },
                  "product_info": "Sin gluten",
                  "sku_id": "303266",
                  "units_in_cart": 0,
                  "units_in_stock": 48,
                  "url": "/charcuteria-y-quesos/queso-azul-y-roquefort/p/303266",
                  "weight": 0
                },
                {
                  "display_name": "Queso picón azul Quesería del Mundo 150 g",
                  "expiration_days": 0,
                  "image": "/product_images/299577/299577_ISO_0_ES.jpg",
                  "object_id": "299577",
                  "prices": {
                    "currency": "EUR",
                    "discount_percentage": 0,
                    "is_club_price": false,
                    "is_promo_price": false,
                    "measure_unit": "KILO",
                    "price": 2.49,
                    "price_per_unit": 16.6,
                    "strikethrough_price": 2.49
                  },
                  "product_info": "Sin gluten",
                  "sku_id": "299577",
                  "units_in_cart": 0,
                  "units_in_stock": 15,
                  "url": "/charcuteria-y-quesos/queso-azul-y-roquefort/p/299577",
                  "weight": 0
                },
                {
                  "brand": "Petit blue",
                  "display_name": "Queso brie azul Petit blue 150 g",
                  "expiration_days": 0,
                  "image": "/product_images/302540/302540_ISO_0_ES.jpg",
                  "object_id": "302540",
                  "prices": {
                    "currency": "EUR",
                    "discount_percentage": 0,
                    "is_club_price": false,
                    "is_promo_price": false,
                    "measure_unit": "KILO",
                    "price": 2.25,
                    "price_per_unit": 15,
                    "strikethrough_price": 2.25
                  },
                  "product_info": "Sin gluten",
                  "sku_id": "302540",
                  "units_in_cart": 0,
                  "units_in_stock": 7,
                  "url": "/charcuteria-y-quesos/queso-azul-y-roquefort/p/302540",
                  "weight": 0
                }
              ],
              "link": "/charcuteria-y-quesos/queso-azul-y-roquefort/c/L2009",
              "query_id": "0d69f2063782d229fec1a3c7111bc48b"
            },
            {
              "category_id": "L2010",
              "category_name": "Quesos fundidos y cremas",
              "has_more_items": true,
              "items": [
                {
                  "brand": "Dia Láctea",
                  "display_name": "Queso de untar natural Dia Láctea tarrina 250 g",
                  "expiration_days": 0,
                  "image": "/product_images/263518/263518_ISO_0_ES.jpg",
                  "object_id": "263518",
                  "prices": {
                    "currency": "EUR",
                    "discount_percentage": 0,
                    "is_club_price": false,
                    "is_promo_price": false,
                    "measure_unit": "KILO",
                    "price": 1.25,
                    "price_per_unit": 5,
                    "strikethrough_price": 1.25
                  },
                  "sku_id": "263518",
                  "units_in_cart": 0,
                  "units_in_stock": 139,
                  "url": "/charcuteria-y-quesos/quesos-fundidos-y-cremas/p/263518",
                  "weight": 0
                },
                {
                  "brand": "Dia Láctea",
                  "display_name": "Queso fundido sándwich Dia Láctea bolsa 200 g",
                  "expiration_days": 0,
                  "image": "/product_images/302541/302541_ISO_0_ES.jpg",
                  "object_id": "302541",
                  "prices": {
                    "currency": "EUR",
                    "discount_percentage": 0,
                    "is_club_price": false,
                    "is_promo_price": false,
                    "measure_unit": "KILO",
                    "price": 0.99,
                    "price_per_unit": 4.95,
                    "strikethrough_price": 0.99
                  },
                  "product_info": "Sin gluten",
                  "sku_id": "302541",
                  "units_in_cart": 0,
                  "units_in_stock": 162,
                  "url": "/charcuteria-y-quesos/quesos-fundidos-y-cremas/p/302541",
                  "weight": 0
                },
                {
                  "brand": "Dia Láctea",
                  "display_name": "Crema con queso camembert Dia Láctea tarrina 125 g",
                  "expiration_days": 0,
                  "image": "/product_images/120200/120200_ISO_0_ES.jpg",
                  "object_id": "120200",
                  "prices": {
                    "currency": "EUR",
                    "discount_percentage": 0,
                    "is_club_price": false,
                    "is_promo_price": false,
                    "measure_unit": "KILO",
                    "price": 1.49,
                    "price_per_unit": 11.92,
                    "strikethrough_price": 1.49
                  },
                  "product_info": "Sin gluten",
                  "sku_id": "120200",
                  "units_in_cart": 0,
                  "units_in_stock": 24,
                  "url": "/charcuteria-y-quesos/quesos-fundidos-y-cremas/p/120200",
                  "weight": 0
                },
                {
                  "brand": "Dia Láctea",
                  "display_name": "Queso de untar natural light Dia Láctea tarrina 250 g",
                  "expiration_days": 0,
                  "image": "/product_images/263519/263519_ISO_0_ES.jpg",
                  "object_id": "263519",
                  "prices": {
                    "currency": "EUR",
                    "discount_percentage": 0,
                    "is_club_price": false,
                    "is_promo_price": false,
                    "measure_unit": "KILO",
                    "price": 1.25,
                    "price_per_unit": 5,
                    "strikethrough_price": 1.25
                  },
                  "sku_id": "263519",
                  "units_in_cart": 0,
                  "units_in_stock": 163,
                  "url": "/charcuteria-y-quesos/quesos-fundidos-y-cremas/p/263519",
                  "weight": 0
                },
                {
                  "brand": "Dia Láctea",
                  "display_name": "Crema con queso de cabra Dia Láctea tarrina 125 g",
                  "expiration_days": 0,
                  "image": "/product_images/296054/296054_ISO_0_ES.jpg",
                  "object_id": "296054",
                  "prices": {
                    "currency": "EUR",
                    "discount_percentage": 0,
                    "is_club_price": false,
                    "is_promo_price": false,
                    "measure_unit": "KILO",
                    "price": 1.49,
                    "price_per_unit": 11.92,
                    "strikethrough_price": 1.49
                  },
                  "product_info": "Sin gluten",
                  "sku_id": "296054",
                  "units_in_cart": 0,
                  "units_in_stock": 65,
                  "url": "/charcuteria-y-quesos/quesos-fundidos-y-cremas/p/296054",
                  "weight": 0
                }
              ],
              "link": "/charcuteria-y-quesos/quesos-fundidos-y-cremas/c/L2010",
              "query_id": "c1def420451dd34c3f9f07cdcde1597a"
            },
            {
              "category_id": "L2011",
              "category_name": "Quesos internacionales",
              "has_more_items": true,
              "items": [
                {
                  "brand": "Selección Mundial de Dia",
                  "display_name": "Queso edam Selección Mundial de Dia sobre 240 g",
                  "expiration_days": 0,
                  "image": "/product_images/263217/263217_ISO_0_ES.jpg",
                  "object_id": "263217",
                  "prices": {
                    "currency": "EUR",
                    "discount_percentage": 0,
                    "is_club_price": false,
                    "is_promo_price": false,
                    "measure_unit": "KILO",
                    "price": 1.88,
                    "price_per_unit": 7.83,
                    "strikethrough_price": 1.88
                  },
                  "sku_id": "263217",
                  "units_in_cart": 0,
                  "units_in_stock": 225,
                  "url": "/charcuteria-y-quesos/quesos-internacionales/p/263217",
                  "weight": 0
                },
                {
                  "display_name": "Queso Munster Quesería del Mundo 125 g",
                  "expiration_days": 0,
                  "image": "/product_images/299580/299580_ISO_0_ES.jpg",
                  "object_id": "299580",
                  "prices": {
                    "currency": "EUR",
                    "discount_percentage": 0,
                    "is_club_price": false,
                    "is_promo_price": false,
                    "measure_unit": "KILO",
                    "price": 2.49,
                    "price_per_unit": 19.92,
                    "strikethrough_price": 2.49
                  },
                  "product_info": "Sin gluten",
                  "sku_id": "299580",
                  "units_in_cart": 0,
                  "units_in_stock": 15,
                  "url": "/charcuteria-y-quesos/quesos-internacionales/p/299580",
                  "weight": 0
                },
                {
                  "display_name": "Queso gouda cominos Quesería del Mundo 175 g",
                  "expiration_days": 0,
                  "image": "/product_images/299583/299583_ISO_0_ES.jpg",
                  "object_id": "299583",
                  "prices": {
                    "currency": "EUR",
                    "discount_percentage": 0,
                    "is_club_price": false,
                    "is_promo_price": false,
                    "measure_unit": "KILO",
                    "price": 2.49,
                    "price_per_unit": 14.23,
                    "strikethrough_price": 2.49
                  },
                  "product_info": "Sin gluten",
                  "sku_id": "299583",
                  "units_in_cart": 0,
                  "units_in_stock": 7,
                  "url": "/charcuteria-y-quesos/quesos-internacionales/p/299583",
                  "weight": 0
                },
                {
                  "display_name": "Queso Wensleydale con arándanos Quesería del Mundo 150 g",
                  "expiration_days": 0,
                  "image": "/product_images/299585/299585_ISO_0_ES.jpg",
                  "object_id": "299585",
                  "prices": {
                    "currency": "EUR",
                    "discount_percentage": 0,
                    "is_club_price": false,
                    "is_promo_price": false,
                    "measure_unit": "KILO",
                    "price": 2.99,
                    "price_per_unit": 19.93,
                    "strikethrough_price": 2.99
                  },
                  "product_info": "Sin gluten",
                  "sku_id": "299585",
                  "units_in_cart": 0,
                  "units_in_stock": 30,
                  "url": "/charcuteria-y-quesos/quesos-internacionales/p/299585",
                  "weight": 0
                },
                {
                  "display_name": "Queso mascarpone gorgonzola Quesería del Mundo 180 g",
                  "expiration_days": 0,
                  "image": "/product_images/299589/299589_ISO_0_ES.jpg",
                  "object_id": "299589",
                  "prices": {
                    "currency": "EUR",
                    "discount_percentage": 0,
                    "is_club_price": false,
                    "is_promo_price": false,
                    "measure_unit": "KILO",
                    "price": 2.99,
                    "price_per_unit": 16.61,
                    "strikethrough_price": 2.99
                  },
                  "product_info": "Sin gluten",
                  "sku_id": "299589",
                  "units_in_cart": 0,
                  "units_in_stock": 10,
                  "url": "/charcuteria-y-quesos/quesos-internacionales/p/299589",
                  "weight": 0
                }
              ],
              "link": "/charcuteria-y-quesos/quesos-internacionales/c/L2011",
              "query_id": "b3ea6eddfabe275375a49334194122c3"
            },
            {
              "category_id": "L2206",
              "category_name": "Salchichas",
              "has_more_items": true,
              "items": [
                {
                  "brand": "Funky Frank de Dia",
                  "display_name": "Salchichas frankfurt Funky Frank de Dia bolsa 2 x 160 g",
                  "expiration_days": 0,
                  "image": "/product_images/303819/303819_ISO_0_ES.jpg",
                  "object_id": "303819",
                  "prices": {
                    "currency": "EUR",
                    "discount_percentage": 0,
                    "is_club_price": false,
                    "is_promo_price": false,
                    "measure_unit": "KILO",
                    "price": 0.99,
                    "price_per_unit": 3.09,
                    "strikethrough_price": 0.99
                  },
                  "product_info": "Sin gluten",
                  "sku_id": "303819",
                  "units_in_cart": 0,
                  "units_in_stock": 142,
                  "url": "/charcuteria-y-quesos/salchichas/p/303819",
                  "weight": 0
                },
                {
                  "brand": "Funky Frank de Dia",
                  "display_name": "Salchichas viena con queso Funky Frank de Dia bolsa 200 g",
                  "expiration_days": 0,
                  "image": "/product_images/303887/303887_ISO_0_ES.jpg",
                  "object_id": "303887",
                  "prices": {
                    "currency": "EUR",
                    "discount_percentage": 20,
                    "is_club_price": true,
                    "is_promo_price": true,
                    "measure_unit": "KILO",
                    "price": 0.6,
                    "price_per_unit": 3,
                    "strikethrough_price": 0.75
                  },
                  "product_info": "Sin gluten",
                  "sku_id": "303887",
                  "units_in_cart": 0,
                  "units_in_stock": 142,
                  "url": "/charcuteria-y-quesos/salchichas/p/303887",
                  "weight": 0
                },
                {
                  "brand": "Funky Frank de Dia",
                  "display_name": "Salchichas frankfurt con queso Funky Frank de Dia bolsa 2 x 140 g",
                  "expiration_days": 0,
                  "image": "/product_images/303820/303820_ISO_0_ES.jpg",
                  "object_id": "303820",
                  "prices": {
                    "currency": "EUR",
                    "discount_percentage": 0,
                    "is_club_price": false,
                    "is_promo_price": false,
                    "measure_unit": "KILO",
                    "price": 0.99,
                    "price_per_unit": 3.54,
                    "strikethrough_price": 0.99
                  },
                  "product_info": "Sin gluten",
                  "sku_id": "303820",
                  "units_in_cart": 0,
                  "units_in_stock": 86,
                  "url": "/charcuteria-y-quesos/salchichas/p/303820",
                  "weight": 0
                },
                {
                  "brand": "Campofrío",
                  "display_name": "Salchichas cocidas frankfurt Campofrío bolsa 4 x 140 g",
                  "expiration_days": 0,
                  "image": "/product_images/125955/125955_ISO_0_ES.jpg",
                  "object_id": "125955",
                  "prices": {
                    "currency": "EUR",
                    "discount_percentage": 0,
                    "is_club_price": false,
                    "is_promo_price": false,
                    "measure_unit": "KILO",
                    "price": 2.45,
                    "price_per_unit": 4.38,
                    "strikethrough_price": 2.45
                  },
                  "product_info": "Sin gluten | Sin lactosa",
                  "sku_id": "125955",
                  "units_in_cart": 0,
                  "units_in_stock": 49,
                  "url": "/charcuteria-y-quesos/salchichas/p/125955",
                  "weight": 0
                },
                {
                  "brand": "Funky Frank de Dia",
                  "display_name": "Salchichas viena de pollo Funky Frank de Dia bolsa 200 g",
                  "expiration_days": 0,
                  "image": "/product_images/303888/303888_ISO_0_ES.jpg",
                  "object_id": "303888",
                  "prices": {
                    "currency": "EUR",
                    "discount_percentage": 20,
                    "is_club_price": true,
                    "is_promo_price": true,
                    "measure_unit": "KILO",
                    "price": 0.6,
                    "price_per_unit": 3,
                    "strikethrough_price": 0.75
                  },
                  "product_info": "Sin gluten",
                  "sku_id": "303888",
                  "units_in_cart": 0,
                  "units_in_stock": 81,
                  "url": "/charcuteria-y-quesos/salchichas/p/303888",
                  "weight": 0
                }
              ],
              "link": "/charcuteria-y-quesos/salchichas/c/L2206",
              "query_id": "4c18c8bf6dd66989102f1bc7198b2a6c"
            },
            {
              "category_id": "L2012",
              "category_name": "Foie, paté y sobrasada",
              "has_more_items": true,
              "items": [
                {
                  "brand": "La piara",
                  "display_name": "Paté clásico La piara lata 2 x 75 g",
                  "expiration_days": 0,
                  "image": "/product_images/306350/306350_ISO_0_ES.jpg",
                  "object_id": "306350",
                  "prices": {
                    "currency": "EUR",
                    "discount_percentage": 0,
                    "is_club_price": false,
                    "is_promo_price": false,
                    "measure_unit": "KILO",
                    "price": 1,
                    "price_per_unit": 6.67,
                    "strikethrough_price": 1
                  },
                  "product_info": "Sin gluten",
                  "sku_id": "306350",
                  "units_in_cart": 0,
                  "units_in_stock": 55,
                  "url": "/charcuteria-y-quesos/foie-pate-y-sobrasada/p/306350",
                  "weight": 0
                },
                {
                  "brand": "Nuestra Alacena de Dia",
                  "display_name": "Paté de atún  Nuestra Alacena de Dia pack 2 x 75 g",
                  "expiration_days": 0,
                  "image": "/product_images/293539/293539_ISO_0_ES.jpg",
                  "object_id": "293539",
                  "prices": {
                    "currency": "EUR",
                    "discount_percentage": 0,
                    "is_club_price": false,
                    "is_promo_price": false,
                    "measure_unit": "KILO",
                    "price": 1.65,
                    "price_per_unit": 11,
                    "strikethrough_price": 1.65
                  },
                  "product_info": "Sin gluten",
                  "sku_id": "293539",
                  "units_in_cart": 0,
                  "units_in_stock": 77,
                  "url": "/charcuteria-y-quesos/foie-pate-y-sobrasada/p/293539",
                  "weight": 0
                },
                {
                  "brand": "Nuestra Alacena de Dia",
                  "display_name": "Paté a la pimienta Nuestra Alacena de Dia frasco 125 g",
                  "expiration_days": 0,
                  "image": "/product_images/39997/39997_ISO_0_ES.jpg",
                  "object_id": "39997",
                  "prices": {
                    "currency": "EUR",
                    "discount_percentage": 0,
                    "is_club_price": false,
                    "is_promo_price": false,
                    "measure_unit": "KILO",
                    "price": 1.09,
                    "price_per_unit": 8.72,
                    "strikethrough_price": 1.09
                  },
                  "product_info": "Sin gluten | Sin lactosa",
                  "sku_id": "39997",
                  "units_in_cart": 0,
                  "units_in_stock": 66,
                  "url": "/charcuteria-y-quesos/foie-pate-y-sobrasada/p/39997",
                  "weight": 0
                },
                {
                  "brand": "Aoste",
                  "display_name": "Mousse de foie de pato Aoste blister 100 g",
                  "expiration_days": 0,
                  "image": "/product_images/280341/280341_ISO_0_ES.jpg",
                  "object_id": "280341",
                  "prices": {
                    "currency": "EUR",
                    "discount_percentage": 0,
                    "is_club_price": false,
                    "is_promo_price": false,
                    "measure_unit": "KILO",
                    "price": 1.99,
                    "price_per_unit": 19.9,
                    "strikethrough_price": 1.99
                  },
                  "product_info": "Sin gluten",
                  "sku_id": "280341",
                  "units_in_cart": 0,
                  "units_in_stock": 60,
                  "url": "/charcuteria-y-quesos/foie-pate-y-sobrasada/p/280341",
                  "weight": 0
                },
                {
                  "brand": "Nuestra Alacena de Dia",
                  "display_name": "Paté de cerdo ibérico Nuestra Alacena de Dia frasco 125 g",
                  "expiration_days": 0,
                  "image": "/product_images/57937/57937_ISO_0_ES.jpg",
                  "object_id": "57937",
                  "prices": {
                    "currency": "EUR",
                    "discount_percentage": 0,
                    "is_club_price": false,
                    "is_promo_price": false,
                    "measure_unit": "KILO",
                    "price": 1.19,
                    "price_per_unit": 9.52,
                    "strikethrough_price": 1.19
                  },
                  "product_info": "Sin gluten | Sin lactosa",
                  "sku_id": "57937",
                  "units_in_cart": 0,
                  "units_in_stock": 35,
                  "url": "/charcuteria-y-quesos/foie-pate-y-sobrasada/p/57937",
                  "weight": 0
                }
              ],
              "link": "/charcuteria-y-quesos/foie-pate-y-sobrasada/c/L2012",
              "query_id": "030b1be327ed219be389cb7dc781b0d6"
            }
          ],
          "firstL1SectionCategory": {
            "category_id": "L2001",
            "category_name": "Jamón cocido, lacón, fiambres y mortadela",
            "has_more_items": true,
            "items": [
              {
                "brand": "Nuestra Alacena de Dia",
                "display_name": "Bacon en tiras Nuestra Alacena de Dia bandeja 2 x 100 g",
                "expiration_days": 0,
                "image": "/product_images/273750/273750_ISO_0_ES.jpg",
                "object_id": "273750",
                "prices": {
                  "currency": "EUR",
                  "discount_percentage": 0,
                  "is_club_price": false,
                  "is_promo_price": false,
                  "measure_unit": "KILO",
                  "price": 1.84,
                  "price_per_unit": 9.2,
                  "strikethrough_price": 1.84
                },
                "product_info": "Sin gluten | Sin lactosa",
                "sku_id": "273750",
                "units_in_cart": 0,
                "units_in_stock": 383,
                "url": "/charcuteria-y-quesos/jamon-cocido-lacon-fiambres-y-mortadela/p/273750",
                "weight": 0
              },
              {
                "brand": "Nuestra Alacena de Dia",
                "display_name": "Pechuga de pavo Nuestra Alacena de Dia sobre 2 x 200 g",
                "expiration_days": 0,
                "image": "/product_images/273810/273810_ISO_0_ES.jpg",
                "object_id": "273810",
                "prices": {
                  "currency": "EUR",
                  "discount_percentage": 0,
                  "is_club_price": false,
                  "is_promo_price": false,
                  "measure_unit": "KILO",
                  "price": 4.09,
                  "price_per_unit": 10.23,
                  "strikethrough_price": 4.09
                },
                "product_info": "Sin gluten | Sin lactosa",
                "sku_id": "273810",
                "units_in_cart": 0,
                "units_in_stock": 265,
                "url": "/charcuteria-y-quesos/jamon-cocido-lacon-fiambres-y-mortadela/p/273810",
                "weight": 0
              },
              {
                "brand": "Nuestra Alacena de Dia",
                "display_name": "Jamón cocido extra Nuestra Alacena de Dia sobre 2 x 225 g",
                "expiration_days": 0,
                "image": "/product_images/273957/273957_ISO_0_ES.jpg",
                "object_id": "273957",
                "prices": {
                  "currency": "EUR",
                  "discount_percentage": 0,
                  "is_club_price": false,
                  "is_promo_price": false,
                  "measure_unit": "KILO",
                  "price": 3.45,
                  "price_per_unit": 7.67,
                  "strikethrough_price": 3.45
                },
                "product_info": "Sin gluten | Sin lactosa",
                "sku_id": "273957",
                "units_in_cart": 0,
                "units_in_stock": 294,
                "url": "/charcuteria-y-quesos/jamon-cocido-lacon-fiambres-y-mortadela/p/273957",
                "weight": 0
              },
              {
                "brand": "Nuestra Alacena de Dia",
                "display_name": "Jamón cocido extra 97% carne Nuestra Alacena de Dia sobre 150 g",
                "expiration_days": 0,
                "image": "/product_images/273737/273737_ISO_0_ES.jpg",
                "object_id": "273737",
                "prices": {
                  "currency": "EUR",
                  "discount_percentage": 0,
                  "is_club_price": false,
                  "is_promo_price": false,
                  "measure_unit": "KILO",
                  "price": 1.99,
                  "price_per_unit": 13.27,
                  "strikethrough_price": 1.99
                },
                "product_info": "Sin gluten | Sin lactosa",
                "sku_id": "273737",
                "units_in_cart": 0,
                "units_in_stock": 224,
                "url": "/charcuteria-y-quesos/jamon-cocido-lacon-fiambres-y-mortadela/p/273737",
                "weight": 0
              },
              {
                "brand": "Nuestra Alacena de Dia",
                "display_name": "Bacon en lonchas Nuestra Alacena de Dia sobre 200 g",
                "expiration_days": 0,
                "image": "/product_images/273749/273749_ISO_0_ES.jpg",
                "object_id": "273749",
                "prices": {
                  "currency": "EUR",
                  "discount_percentage": 0,
                  "is_club_price": false,
                  "is_promo_price": false,
                  "measure_unit": "KILO",
                  "price": 2.19,
                  "price_per_unit": 10.95,
                  "strikethrough_price": 2.19
                },
                "product_info": "Sin gluten | Sin lactosa",
                "sku_id": "273749",
                "units_in_cart": 0,
                "units_in_stock": 235,
                "url": "/charcuteria-y-quesos/jamon-cocido-lacon-fiambres-y-mortadela/p/273749",
                "weight": 0
              }
            ],
            "link": "/charcuteria-y-quesos/jamon-cocido-lacon-fiambres-y-mortadela/c/L2001",
            "query_id": "9f8cb4868c21bbc2958de99cc2b2dbac"
          },
          "adPlacements": {
            "first_section": {},
            "second_section": {},
            "iterable_section": [],
            "final_section": {}
          },
          "secondL1SectionCategories": [
            {
              "category_id": "L2004",
              "category_name": "Jamón curado y paleta",
              "has_more_items": true,
              "items": [
                {
                  "brand": "Nuestra Alacena de Dia",
                  "display_name": "Jamón de cebo ibérico 50% Nuestra Alacena de Dia bandeja 90 g",
                  "expiration_days": 0,
                  "image": "/product_images/274057/274057_ISO_0_ES.jpg",
                  "object_id": "274057",
                  "prices": {
                    "currency": "EUR",
                    "discount_percentage": 0,
                    "is_club_price": false,
                    "is_promo_price": false,
                    "measure_unit": "KILO",
                    "price": 4.99,
                    "price_per_unit": 55.44,
                    "strikethrough_price": 4.99
                  },
                  "sku_id": "274057",
                  "units_in_cart": 0,
                  "units_in_stock": 82,
                  "url": "/charcuteria-y-quesos/jamon-curado-y-paleta/p/274057",
                  "weight": 0
                },
                {
                  "brand": "Nuestra Alacena de Dia",
                  "display_name": "Paleta de cebo ibérica 50% Nuestra Alacena de Dia bandeja 100 g",
                  "expiration_days": 0,
                  "image": "/product_images/274058/274058_ISO_0_ES.jpg",
                  "object_id": "274058",
                  "prices": {
                    "currency": "EUR",
                    "discount_percentage": 0,
                    "is_club_price": false,
                    "is_promo_price": false,
                    "measure_unit": "KILO",
                    "price": 4.99,
                    "price_per_unit": 49.9,
                    "strikethrough_price": 4.99
                  },
                  "sku_id": "274058",
                  "units_in_cart": 0,
                  "units_in_stock": 51,
                  "url": "/charcuteria-y-quesos/jamon-curado-y-paleta/p/274058",
                  "weight": 0
                },
                {
                  "brand": "Nuestra Alacena de Dia",
                  "display_name": "Jamón Serrano reserva Nuestra Alacena de Dia bandeja 200 g",
                  "expiration_days": 0,
                  "image": "/product_images/274051/274051_ISO_0_ES.jpg",
                  "object_id": "274051",
                  "prices": {
                    "currency": "EUR",
                    "discount_percentage": 0,
                    "is_club_price": false,
                    "is_promo_price": false,
                    "measure_unit": "KILO",
                    "price": 3.69,
                    "price_per_unit": 18.45,
                    "strikethrough_price": 3.69
                  },
                  "product_info": "Sin gluten | Sin lactosa",
                  "sku_id": "274051",
                  "units_in_cart": 0,
                  "units_in_stock": 247,
                  "url": "/charcuteria-y-quesos/jamon-curado-y-paleta/p/274051",
                  "weight": 0
                },
                {
                  "brand": "Nuestra Alacena de Dia",
                  "display_name": "MEDIAS LONCHAS Jamón Serrano Nuestra Alacena de Dia bandeja 100 g",
                  "expiration_days": 0,
                  "image": "/product_images/274052/274052_ISO_0_ES.jpg",
                  "object_id": "274052",
                  "prices": {
                    "currency": "EUR",
                    "discount_percentage": 20,
                    "is_club_price": true,
                    "is_promo_price": true,
                    "measure_unit": "KILO",
                    "price": 1.48,
                    "price_per_unit": 14.8,
                    "strikethrough_price": 1.85
                  },
                  "product_info": "Sin gluten | Sin lactosa",
                  "sku_id": "274052",
                  "units_in_cart": 0,
                  "units_in_stock": 184,
                  "url": "/charcuteria-y-quesos/jamon-curado-y-paleta/p/274052",
                  "weight": 0
                },
                {
                  "brand": "Nuestra Alacena de Dia",
                  "display_name": "LONCHAS EXTRAFINAS Jamón Serrano Nuestra Alacena de Dia bandeja 120 g",
                  "expiration_days": 0,
                  "image": "/product_images/274053/274053_ISO_0_ES.jpg",
                  "object_id": "274053",
                  "prices": {
                    "currency": "EUR",
                    "discount_percentage": 0,
                    "is_club_price": false,
                    "is_promo_price": false,
                    "measure_unit": "KILO",
                    "price": 2.59,
                    "price_per_unit": 21.58,
                    "strikethrough_price": 2.59
                  },
                  "sku_id": "274053",
                  "units_in_cart": 0,
                  "units_in_stock": 64,
                  "url": "/charcuteria-y-quesos/jamon-curado-y-paleta/p/274053",
                  "weight": 0
                }
              ],
              "link": "/charcuteria-y-quesos/jamon-curado-y-paleta/c/L2004",
              "query_id": "a01f1a3012af4fe6e71dfe18eea37804"
            },
            {
              "category_id": "L2005",
              "category_name": "Lomo, chorizo, fuet, salchichón",
              "has_more_items": true,
              "items": [
                {
                  "brand": "Nuestra Alacena de Dia",
                  "display_name": "Chorizo extra Nuestra Alacena de Dia bandeja 2 x 100 g",
                  "expiration_days": 0,
                  "image": "/product_images/273988/273988_ISO_0_ES.jpg",
                  "object_id": "273988",
                  "prices": {
                    "currency": "EUR",
                    "discount_percentage": 20,
                    "is_club_price": true,
                    "is_promo_price": true,
                    "measure_unit": "KILO",
                    "price": 1.59,
                    "price_per_unit": 7.96,
                    "strikethrough_price": 1.99
                  },
                  "product_info": "Sin gluten",
                  "sku_id": "273988",
                  "units_in_cart": 0,
                  "units_in_stock": 182,
                  "url": "/charcuteria-y-quesos/lomo-chorizo-fuet-salchichon/p/273988",
                  "weight": 0
                },
                {
                  "brand": "Casa Tarradellas",
                  "display_name": "Espetec extra Casa Tarradellas bolsa 180 g",
                  "expiration_days": 0,
                  "image": "/product_images/37114/37114_ISO_0_ES.jpg",
                  "object_id": "37114",
                  "prices": {
                    "currency": "EUR",
                    "discount_percentage": 0,
                    "is_club_price": false,
                    "is_promo_price": false,
                    "measure_unit": "KILO",
                    "price": 2.49,
                    "price_per_unit": 13.83,
                    "strikethrough_price": 2.49
                  },
                  "product_info": "Sin gluten",
                  "sku_id": "37114",
                  "units_in_cart": 0,
                  "units_in_stock": 229,
                  "url": "/charcuteria-y-quesos/lomo-chorizo-fuet-salchichon/p/37114",
                  "weight": 0
                },
                {
                  "brand": "Nuestra Alacena de Dia",
                  "display_name": "Salchichón extra Nuestra Alacena de Dia bandeja 2 x 100 g",
                  "expiration_days": 0,
                  "image": "/product_images/274140/274140_ISO_0_ES.jpg",
                  "object_id": "274140",
                  "prices": {
                    "currency": "EUR",
                    "discount_percentage": 0,
                    "is_club_price": false,
                    "is_promo_price": false,
                    "measure_unit": "KILO",
                    "price": 1.71,
                    "price_per_unit": 8.55,
                    "strikethrough_price": 1.71
                  },
                  "product_info": "Sin gluten",
                  "sku_id": "274140",
                  "units_in_cart": 0,
                  "units_in_stock": 81,
                  "url": "/charcuteria-y-quesos/lomo-chorizo-fuet-salchichon/p/274140",
                  "weight": 0
                },
                {
                  "brand": "Nuestra Alacena de Dia",
                  "display_name": "Lomo embuchado Nuestra Alacena de Dia bandeja 2 x 70 g",
                  "expiration_days": 0,
                  "image": "/product_images/274063/274063_ISO_0_ES.jpg",
                  "object_id": "274063",
                  "prices": {
                    "currency": "EUR",
                    "discount_percentage": 0,
                    "is_club_price": false,
                    "is_promo_price": false,
                    "measure_unit": "KILO",
                    "price": 2.69,
                    "price_per_unit": 19.21,
                    "strikethrough_price": 2.69
                  },
                  "sku_id": "274063",
                  "units_in_cart": 0,
                  "units_in_stock": 180,
                  "url": "/charcuteria-y-quesos/lomo-chorizo-fuet-salchichon/p/274063",
                  "weight": 0
                },
                {
                  "brand": "Nuestra Alacena de Dia",
                  "display_name": "Chorizo extra dulce Nuestra Alacena de Dia bolsa 270 g",
                  "expiration_days": 0,
                  "image": "/product_images/273976/273976_ISO_0_ES.jpg",
                  "object_id": "273976",
                  "prices": {
                    "currency": "EUR",
                    "discount_percentage": 0,
                    "is_club_price": false,
                    "is_promo_price": false,
                    "measure_unit": "KILO",
                    "price": 2.4,
                    "price_per_unit": 8.89,
                    "strikethrough_price": 2.4
                  },
                  "product_info": "Sin gluten | Sin lactosa",
                  "sku_id": "273976",
                  "units_in_cart": 0,
                  "units_in_stock": 303,
                  "url": "/charcuteria-y-quesos/lomo-chorizo-fuet-salchichon/p/273976",
                  "weight": 0
                }
              ],
              "link": "/charcuteria-y-quesos/lomo-chorizo-fuet-salchichon/c/L2005",
              "query_id": "647a275f5f2374bd11cd691ffaac129e"
            }
          ],
          "l1IterableSection": [
            {
              "categories": [
                {
                  "category_id": "L2007",
                  "category_name": "Queso curado, semicurado y tierno",
                  "has_more_items": true,
                  "items": [
                    {
                      "brand": "Queseria del mundo",
                      "display_name": "Queso semicurado Mahón Quesería del Mundo 220 g",
                      "expiration_days": 0,
                      "image": "/product_images/300005/300005_ISO_0_ES.jpg",
                      "object_id": "300005",
                      "prices": {
                        "currency": "EUR",
                        "discount_percentage": 0,
                        "is_club_price": false,
                        "is_promo_price": false,
                        "measure_unit": "KILO",
                        "price": 3.49,
                        "price_per_unit": 15.86,
                        "strikethrough_price": 3.49
                      },
                      "product_info": "Sin gluten",
                      "sku_id": "300005",
                      "units_in_cart": 0,
                      "units_in_stock": 23,
                      "url": "/charcuteria-y-quesos/queso-curado-semicurado-y-tierno/p/300005",
                      "weight": 0
                    },
                    {
                      "brand": "Dia Láctea",
                      "display_name": "Queso mozzarella rallado Dia Láctea bolsa 200 g",
                      "expiration_days": 0,
                      "image": "/product_images/13096/13096_ISO_0_ES.jpg",
                      "object_id": "13096",
                      "prices": {
                        "currency": "EUR",
                        "discount_percentage": 0,
                        "is_club_price": false,
                        "is_promo_price": false,
                        "measure_unit": "KILO",
                        "price": 1.62,
                        "price_per_unit": 8.1,
                        "strikethrough_price": 1.62
                      },
                      "sku_id": "13096",
                      "units_in_cart": 0,
                      "units_in_stock": 472,
                      "url": "/charcuteria-y-quesos/queso-curado-semicurado-y-tierno/p/13096",
                      "weight": 0
                    },
                    {
                      "brand": "Queseria del mundo",
                      "display_name": "Queso semicurado ibérico Quesería del Mundo 175 g",
                      "expiration_days": 0,
                      "image": "/product_images/300006/300006_ISO_0_ES.jpg",
                      "object_id": "300006",
                      "prices": {
                        "currency": "EUR",
                        "discount_percentage": 0,
                        "is_club_price": false,
                        "is_promo_price": false,
                        "measure_unit": "KILO",
                        "price": 2.99,
                        "price_per_unit": 17.09,
                        "strikethrough_price": 2.99
                      },
                      "product_info": "Sin gluten",
                      "sku_id": "300006",
                      "units_in_cart": 0,
                      "units_in_stock": 40,
                      "url": "/charcuteria-y-quesos/queso-curado-semicurado-y-tierno/p/300006",
                      "weight": 0
                    },
                    {
                      "brand": "El Cencerro de Dia",
                      "display_name": "Queso curado El Cencerro de Dia 250 g",
                      "expiration_days": 0,
                      "image": "/product_images/108589/108589_ISO_0_ES.jpg",
                      "object_id": "108589",
                      "prices": {
                        "currency": "EUR",
                        "discount_percentage": 0,
                        "is_club_price": false,
                        "is_promo_price": false,
                        "measure_unit": "KILO",
                        "price": 2.99,
                        "price_per_unit": 11.96,
                        "strikethrough_price": 2.99
                      },
                      "product_info": "Sin gluten",
                      "sku_id": "108589",
                      "units_in_cart": 0,
                      "units_in_stock": 104,
                      "url": "/charcuteria-y-quesos/queso-curado-semicurado-y-tierno/p/108589",
                      "weight": 0
                    },
                    {
                      "brand": "Dia Láctea",
                      "display_name": "Queso mezcla 4 quesos rallado Dia Láctea bolsa 200 g",
                      "expiration_days": 0,
                      "image": "/product_images/50652/50652_ISO_0_ES.jpg",
                      "object_id": "50652",
                      "prices": {
                        "currency": "EUR",
                        "discount_percentage": 0,
                        "is_club_price": false,
                        "is_promo_price": false,
                        "measure_unit": "KILO",
                        "price": 1.99,
                        "price_per_unit": 9.95,
                        "strikethrough_price": 1.99
                      },
                      "sku_id": "50652",
                      "units_in_cart": 0,
                      "units_in_stock": 311,
                      "url": "/charcuteria-y-quesos/queso-curado-semicurado-y-tierno/p/50652",
                      "weight": 0
                    }
                  ],
                  "link": "/charcuteria-y-quesos/queso-curado-semicurado-y-tierno/c/L2007",
                  "query_id": "43d074748179e4dfb8e3c6f116c2f9f1"
                },
                {
                  "category_id": "L2008",
                  "category_name": "Queso fresco",
                  "has_more_items": true,
                  "items": [
                    {
                      "brand": "Dia Láctea",
                      "display_name": "Queso fresco natural Dia Láctea tarrina 4 x 62.5 g",
                      "expiration_days": 0,
                      "image": "/product_images/115669/115669_ISO_0_ES.jpg",
                      "object_id": "115669",
                      "prices": {
                        "currency": "EUR",
                        "discount_percentage": 0,
                        "is_club_price": false,
                        "is_promo_price": false,
                        "measure_unit": "KILO",
                        "price": 1.09,
                        "price_per_unit": 4.36,
                        "strikethrough_price": 1.09
                      },
                      "sku_id": "115669",
                      "units_in_cart": 0,
                      "units_in_stock": 189,
                      "url": "/charcuteria-y-quesos/queso-fresco/p/115669",
                      "weight": 0
                    },
                    {
                      "brand": "El Cencerro de Dia",
                      "display_name": "Queso fresco de vaca El Cencerro de Dia tarrina 250 g",
                      "expiration_days": 0,
                      "image": "/product_images/115196/115196_ISO_0_ES.jpg",
                      "object_id": "115196",
                      "prices": {
                        "currency": "EUR",
                        "discount_percentage": 20,
                        "is_club_price": true,
                        "is_promo_price": true,
                        "measure_unit": "KILO",
                        "price": 1.33,
                        "price_per_unit": 5.31,
                        "strikethrough_price": 1.66
                      },
                      "sku_id": "115196",
                      "units_in_cart": 0,
                      "units_in_stock": 34,
                      "url": "/charcuteria-y-quesos/queso-fresco/p/115196",
                      "weight": 0
                    },
                    {
                      "brand": "Dia Láctea",
                      "display_name": "Queso fresco 0% m.g Dia Láctea tarrina 4 x 62.5 g",
                      "expiration_days": 0,
                      "image": "/product_images/73062/73062_ISO_0_ES.jpg",
                      "object_id": "73062",
                      "prices": {
                        "currency": "EUR",
                        "discount_percentage": 0,
                        "is_club_price": false,
                        "is_promo_price": false,
                        "measure_unit": "KILO",
                        "price": 1.09,
                        "price_per_unit": 4.36,
                        "strikethrough_price": 1.09
                      },
                      "sku_id": "73062",
                      "units_in_cart": 0,
                      "units_in_stock": 129,
                      "url": "/charcuteria-y-quesos/queso-fresco/p/73062",
                      "weight": 0
                    },
                    {
                      "brand": "Selección Mundial de Dia",
                      "display_name": "Queso mozzarella fresca Selección Mundial de Dia bolsa 125 g",
                      "expiration_days": 0,
                      "image": "/product_images/108698/108698_ISO_0_ES.jpg",
                      "object_id": "108698",
                      "prices": {
                        "currency": "EUR",
                        "discount_percentage": 0,
                        "is_club_price": false,
                        "is_promo_price": false,
                        "measure_unit": "KILO",
                        "price": 1.09,
                        "price_per_unit": 8.72,
                        "strikethrough_price": 1.09
                      },
                      "sku_id": "108698",
                      "units_in_cart": 0,
                      "units_in_stock": 135,
                      "url": "/charcuteria-y-quesos/queso-fresco/p/108698",
                      "weight": 0
                    },
                    {
                      "brand": "Dia Láctea",
                      "display_name": "Queso fresco natural Dia Láctea tarrina 250 g",
                      "expiration_days": 0,
                      "image": "/product_images/303551/303551_ISO_0_ES.jpg",
                      "object_id": "303551",
                      "prices": {
                        "currency": "EUR",
                        "discount_percentage": 0,
                        "is_club_price": false,
                        "is_promo_price": false,
                        "measure_unit": "KILO",
                        "price": 1.05,
                        "price_per_unit": 4.2,
                        "strikethrough_price": 1.05
                      },
                      "product_info": "Sin gluten",
                      "sku_id": "303551",
                      "units_in_cart": 0,
                      "units_in_stock": 109,
                      "url": "/charcuteria-y-quesos/queso-fresco/p/303551",
                      "weight": 0
                    }
                  ],
                  "link": "/charcuteria-y-quesos/queso-fresco/c/L2008",
                  "query_id": "c53fede3412df354b5dd1b097d6af4e9"
                }
              ]
            },
            {
              "categories": [
                {
                  "category_id": "L2009",
                  "category_name": "Queso azul y roquefort",
                  "items": [
                    {
                      "brand": "Selección Mundial de Dia",
                      "display_name": "Queso roquefort Selección Mundial de Dia bandeja 100 g",
                      "expiration_days": 0,
                      "image": "/product_images/222761/222761_ISO_0_ES.jpg",
                      "object_id": "222761",
                      "prices": {
                        "currency": "EUR",
                        "discount_percentage": 0,
                        "is_club_price": false,
                        "is_promo_price": false,
                        "measure_unit": "KILO",
                        "price": 1.9,
                        "price_per_unit": 19,
                        "strikethrough_price": 1.9
                      },
                      "sku_id": "222761",
                      "units_in_cart": 0,
                      "units_in_stock": 61,
                      "url": "/charcuteria-y-quesos/queso-azul-y-roquefort/p/222761",
                      "weight": 0
                    },
                    {
                      "brand": "Dia Láctea",
                      "display_name": "Queso azul Dia Láctea bandeja 150 g",
                      "expiration_days": 0,
                      "image": "/product_images/44948/44948_ISO_0_ES.jpg",
                      "object_id": "44948",
                      "prices": {
                        "currency": "EUR",
                        "discount_percentage": 20,
                        "is_club_price": true,
                        "is_promo_price": true,
                        "measure_unit": "KILO",
                        "price": 1.59,
                        "price_per_unit": 10.61,
                        "strikethrough_price": 1.99
                      },
                      "sku_id": "44948",
                      "units_in_cart": 0,
                      "units_in_stock": 139,
                      "url": "/charcuteria-y-quesos/queso-azul-y-roquefort/p/44948",
                      "weight": 0
                    },
                    {
                      "brand": "Selección Mundial de Dia",
                      "display_name": "Queso gorgonzola D.O.P. Selección Mundial de Dia bandeja 150 g",
                      "expiration_days": 0,
                      "image": "/product_images/303266/303266_ISO_0_ES.jpg",
                      "object_id": "303266",
                      "prices": {
                        "currency": "EUR",
                        "discount_percentage": 0,
                        "is_club_price": false,
                        "is_promo_price": false,
                        "measure_unit": "KILO",
                        "price": 1.88,
                        "price_per_unit": 12.53,
                        "strikethrough_price": 1.88
                      },
                      "product_info": "Sin gluten",
                      "sku_id": "303266",
                      "units_in_cart": 0,
                      "units_in_stock": 48,
                      "url": "/charcuteria-y-quesos/queso-azul-y-roquefort/p/303266",
                      "weight": 0
                    },
                    {
                      "display_name": "Queso picón azul Quesería del Mundo 150 g",
                      "expiration_days": 0,
                      "image": "/product_images/299577/299577_ISO_0_ES.jpg",
                      "object_id": "299577",
                      "prices": {
                        "currency": "EUR",
                        "discount_percentage": 0,
                        "is_club_price": false,
                        "is_promo_price": false,
                        "measure_unit": "KILO",
                        "price": 2.49,
                        "price_per_unit": 16.6,
                        "strikethrough_price": 2.49
                      },
                      "product_info": "Sin gluten",
                      "sku_id": "299577",
                      "units_in_cart": 0,
                      "units_in_stock": 15,
                      "url": "/charcuteria-y-quesos/queso-azul-y-roquefort/p/299577",
                      "weight": 0
                    },
                    {
                      "brand": "Petit blue",
                      "display_name": "Queso brie azul Petit blue 150 g",
                      "expiration_days": 0,
                      "image": "/product_images/302540/302540_ISO_0_ES.jpg",
                      "object_id": "302540",
                      "prices": {
                        "currency": "EUR",
                        "discount_percentage": 0,
                        "is_club_price": false,
                        "is_promo_price": false,
                        "measure_unit": "KILO",
                        "price": 2.25,
                        "price_per_unit": 15,
                        "strikethrough_price": 2.25
                      },
                      "product_info": "Sin gluten",
                      "sku_id": "302540",
                      "units_in_cart": 0,
                      "units_in_stock": 7,
                      "url": "/charcuteria-y-quesos/queso-azul-y-roquefort/p/302540",
                      "weight": 0
                    }
                  ],
                  "link": "/charcuteria-y-quesos/queso-azul-y-roquefort/c/L2009",
                  "query_id": "0d69f2063782d229fec1a3c7111bc48b"
                },
                {
                  "category_id": "L2010",
                  "category_name": "Quesos fundidos y cremas",
                  "has_more_items": true,
                  "items": [
                    {
                      "brand": "Dia Láctea",
                      "display_name": "Queso de untar natural Dia Láctea tarrina 250 g",
                      "expiration_days": 0,
                      "image": "/product_images/263518/263518_ISO_0_ES.jpg",
                      "object_id": "263518",
                      "prices": {
                        "currency": "EUR",
                        "discount_percentage": 0,
                        "is_club_price": false,
                        "is_promo_price": false,
                        "measure_unit": "KILO",
                        "price": 1.25,
                        "price_per_unit": 5,
                        "strikethrough_price": 1.25
                      },
                      "sku_id": "263518",
                      "units_in_cart": 0,
                      "units_in_stock": 139,
                      "url": "/charcuteria-y-quesos/quesos-fundidos-y-cremas/p/263518",
                      "weight": 0
                    },
                    {
                      "brand": "Dia Láctea",
                      "display_name": "Queso fundido sándwich Dia Láctea bolsa 200 g",
                      "expiration_days": 0,
                      "image": "/product_images/302541/302541_ISO_0_ES.jpg",
                      "object_id": "302541",
                      "prices": {
                        "currency": "EUR",
                        "discount_percentage": 0,
                        "is_club_price": false,
                        "is_promo_price": false,
                        "measure_unit": "KILO",
                        "price": 0.99,
                        "price_per_unit": 4.95,
                        "strikethrough_price": 0.99
                      },
                      "product_info": "Sin gluten",
                      "sku_id": "302541",
                      "units_in_cart": 0,
                      "units_in_stock": 162,
                      "url": "/charcuteria-y-quesos/quesos-fundidos-y-cremas/p/302541",
                      "weight": 0
                    },
                    {
                      "brand": "Dia Láctea",
                      "display_name": "Crema con queso camembert Dia Láctea tarrina 125 g",
                      "expiration_days": 0,
                      "image": "/product_images/120200/120200_ISO_0_ES.jpg",
                      "object_id": "120200",
                      "prices": {
                        "currency": "EUR",
                        "discount_percentage": 0,
                        "is_club_price": false,
                        "is_promo_price": false,
                        "measure_unit": "KILO",
                        "price": 1.49,
                        "price_per_unit": 11.92,
                        "strikethrough_price": 1.49
                      },
                      "product_info": "Sin gluten",
                      "sku_id": "120200",
                      "units_in_cart": 0,
                      "units_in_stock": 24,
                      "url": "/charcuteria-y-quesos/quesos-fundidos-y-cremas/p/120200",
                      "weight": 0
                    },
                    {
                      "brand": "Dia Láctea",
                      "display_name": "Queso de untar natural light Dia Láctea tarrina 250 g",
                      "expiration_days": 0,
                      "image": "/product_images/263519/263519_ISO_0_ES.jpg",
                      "object_id": "263519",
                      "prices": {
                        "currency": "EUR",
                        "discount_percentage": 0,
                        "is_club_price": false,
                        "is_promo_price": false,
                        "measure_unit": "KILO",
                        "price": 1.25,
                        "price_per_unit": 5,
                        "strikethrough_price": 1.25
                      },
                      "sku_id": "263519",
                      "units_in_cart": 0,
                      "units_in_stock": 163,
                      "url": "/charcuteria-y-quesos/quesos-fundidos-y-cremas/p/263519",
                      "weight": 0
                    },
                    {
                      "brand": "Dia Láctea",
                      "display_name": "Crema con queso de cabra Dia Láctea tarrina 125 g",
                      "expiration_days": 0,
                      "image": "/product_images/296054/296054_ISO_0_ES.jpg",
                      "object_id": "296054",
                      "prices": {
                        "currency": "EUR",
                        "discount_percentage": 0,
                        "is_club_price": false,
                        "is_promo_price": false,
                        "measure_unit": "KILO",
                        "price": 1.49,
                        "price_per_unit": 11.92,
                        "strikethrough_price": 1.49
                      },
                      "product_info": "Sin gluten",
                      "sku_id": "296054",
                      "units_in_cart": 0,
                      "units_in_stock": 65,
                      "url": "/charcuteria-y-quesos/quesos-fundidos-y-cremas/p/296054",
                      "weight": 0
                    }
                  ],
                  "link": "/charcuteria-y-quesos/quesos-fundidos-y-cremas/c/L2010",
                  "query_id": "c1def420451dd34c3f9f07cdcde1597a"
                }
              ]
            },
            {
              "categories": [
                {
                  "category_id": "L2011",
                  "category_name": "Quesos internacionales",
                  "has_more_items": true,
                  "items": [
                    {
                      "brand": "Selección Mundial de Dia",
                      "display_name": "Queso edam Selección Mundial de Dia sobre 240 g",
                      "expiration_days": 0,
                      "image": "/product_images/263217/263217_ISO_0_ES.jpg",
                      "object_id": "263217",
                      "prices": {
                        "currency": "EUR",
                        "discount_percentage": 0,
                        "is_club_price": false,
                        "is_promo_price": false,
                        "measure_unit": "KILO",
                        "price": 1.88,
                        "price_per_unit": 7.83,
                        "strikethrough_price": 1.88
                      },
                      "sku_id": "263217",
                      "units_in_cart": 0,
                      "units_in_stock": 225,
                      "url": "/charcuteria-y-quesos/quesos-internacionales/p/263217",
                      "weight": 0
                    },
                    {
                      "display_name": "Queso Munster Quesería del Mundo 125 g",
                      "expiration_days": 0,
                      "image": "/product_images/299580/299580_ISO_0_ES.jpg",
                      "object_id": "299580",
                      "prices": {
                        "currency": "EUR",
                        "discount_percentage": 0,
                        "is_club_price": false,
                        "is_promo_price": false,
                        "measure_unit": "KILO",
                        "price": 2.49,
                        "price_per_unit": 19.92,
                        "strikethrough_price": 2.49
                      },
                      "product_info": "Sin gluten",
                      "sku_id": "299580",
                      "units_in_cart": 0,
                      "units_in_stock": 15,
                      "url": "/charcuteria-y-quesos/quesos-internacionales/p/299580",
                      "weight": 0
                    },
                    {
                      "display_name": "Queso gouda cominos Quesería del Mundo 175 g",
                      "expiration_days": 0,
                      "image": "/product_images/299583/299583_ISO_0_ES.jpg",
                      "object_id": "299583",
                      "prices": {
                        "currency": "EUR",
                        "discount_percentage": 0,
                        "is_club_price": false,
                        "is_promo_price": false,
                        "measure_unit": "KILO",
                        "price": 2.49,
                        "price_per_unit": 14.23,
                        "strikethrough_price": 2.49
                      },
                      "product_info": "Sin gluten",
                      "sku_id": "299583",
                      "units_in_cart": 0,
                      "units_in_stock": 7,
                      "url": "/charcuteria-y-quesos/quesos-internacionales/p/299583",
                      "weight": 0
                    },
                    {
                      "display_name": "Queso Wensleydale con arándanos Quesería del Mundo 150 g",
                      "expiration_days": 0,
                      "image": "/product_images/299585/299585_ISO_0_ES.jpg",
                      "object_id": "299585",
                      "prices": {
                        "currency": "EUR",
                        "discount_percentage": 0,
                        "is_club_price": false,
                        "is_promo_price": false,
                        "measure_unit": "KILO",
                        "price": 2.99,
                        "price_per_unit": 19.93,
                        "strikethrough_price": 2.99
                      },
                      "product_info": "Sin gluten",
                      "sku_id": "299585",
                      "units_in_cart": 0,
                      "units_in_stock": 30,
                      "url": "/charcuteria-y-quesos/quesos-internacionales/p/299585",
                      "weight": 0
                    },
                    {
                      "display_name": "Queso mascarpone gorgonzola Quesería del Mundo 180 g",
                      "expiration_days": 0,
                      "image": "/product_images/299589/299589_ISO_0_ES.jpg",
                      "object_id": "299589",
                      "prices": {
                        "currency": "EUR",
                        "discount_percentage": 0,
                        "is_club_price": false,
                        "is_promo_price": false,
                        "measure_unit": "KILO",
                        "price": 2.99,
                        "price_per_unit": 16.61,
                        "strikethrough_price": 2.99
                      },
                      "product_info": "Sin gluten",
                      "sku_id": "299589",
                      "units_in_cart": 0,
                      "units_in_stock": 10,
                      "url": "/charcuteria-y-quesos/quesos-internacionales/p/299589",
                      "weight": 0
                    }
                  ],
                  "link": "/charcuteria-y-quesos/quesos-internacionales/c/L2011",
                  "query_id": "b3ea6eddfabe275375a49334194122c3"
                },
                {
                  "category_id": "L2206",
                  "category_name": "Salchichas",
                  "has_more_items": true,
                  "items": [
                    {
                      "brand": "Funky Frank de Dia",
                      "display_name": "Salchichas frankfurt Funky Frank de Dia bolsa 2 x 160 g",
                      "expiration_days": 0,
                      "image": "/product_images/303819/303819_ISO_0_ES.jpg",
                      "object_id": "303819",
                      "prices": {
                        "currency": "EUR",
                        "discount_percentage": 0,
                        "is_club_price": false,
                        "is_promo_price": false,
                        "measure_unit": "KILO",
                        "price": 0.99,
                        "price_per_unit": 3.09,
                        "strikethrough_price": 0.99
                      },
                      "product_info": "Sin gluten",
                      "sku_id": "303819",
                      "units_in_cart": 0,
                      "units_in_stock": 142,
                      "url": "/charcuteria-y-quesos/salchichas/p/303819",
                      "weight": 0
                    },
                    {
                      "brand": "Funky Frank de Dia",
                      "display_name": "Salchichas viena con queso Funky Frank de Dia bolsa 200 g",
                      "expiration_days": 0,
                      "image": "/product_images/303887/303887_ISO_0_ES.jpg",
                      "object_id": "303887",
                      "prices": {
                        "currency": "EUR",
                        "discount_percentage": 20,
                        "is_club_price": true,
                        "is_promo_price": true,
                        "measure_unit": "KILO",
                        "price": 0.6,
                        "price_per_unit": 3,
                        "strikethrough_price": 0.75
                      },
                      "product_info": "Sin gluten",
                      "sku_id": "303887",
                      "units_in_cart": 0,
                      "units_in_stock": 142,
                      "url": "/charcuteria-y-quesos/salchichas/p/303887",
                      "weight": 0
                    },
                    {
                      "brand": "Funky Frank de Dia",
                      "display_name": "Salchichas frankfurt con queso Funky Frank de Dia bolsa 2 x 140 g",
                      "expiration_days": 0,
                      "image": "/product_images/303820/303820_ISO_0_ES.jpg",
                      "object_id": "303820",
                      "prices": {
                        "currency": "EUR",
                        "discount_percentage": 0,
                        "is_club_price": false,
                        "is_promo_price": false,
                        "measure_unit": "KILO",
                        "price": 0.99,
                        "price_per_unit": 3.54,
                        "strikethrough_price": 0.99
                      },
                      "product_info": "Sin gluten",
                      "sku_id": "303820",
                      "units_in_cart": 0,
                      "units_in_stock": 86,
                      "url": "/charcuteria-y-quesos/salchichas/p/303820",
                      "weight": 0
                    },
                    {
                      "brand": "Campofrío",
                      "display_name": "Salchichas cocidas frankfurt Campofrío bolsa 4 x 140 g",
                      "expiration_days": 0,
                      "image": "/product_images/125955/125955_ISO_0_ES.jpg",
                      "object_id": "125955",
                      "prices": {
                        "currency": "EUR",
                        "discount_percentage": 0,
                        "is_club_price": false,
                        "is_promo_price": false,
                        "measure_unit": "KILO",
                        "price": 2.45,
                        "price_per_unit": 4.38,
                        "strikethrough_price": 2.45
                      },
                      "product_info": "Sin gluten | Sin lactosa",
                      "sku_id": "125955",
                      "units_in_cart": 0,
                      "units_in_stock": 49,
                      "url": "/charcuteria-y-quesos/salchichas/p/125955",
                      "weight": 0
                    },
                    {
                      "brand": "Funky Frank de Dia",
                      "display_name": "Salchichas viena de pollo Funky Frank de Dia bolsa 200 g",
                      "expiration_days": 0,
                      "image": "/product_images/303888/303888_ISO_0_ES.jpg",
                      "object_id": "303888",
                      "prices": {
                        "currency": "EUR",
                        "discount_percentage": 20,
                        "is_club_price": true,
                        "is_promo_price": true,
                        "measure_unit": "KILO",
                        "price": 0.6,
                        "price_per_unit": 3,
                        "strikethrough_price": 0.75
                      },
                      "product_info": "Sin gluten",
                      "sku_id": "303888",
                      "units_in_cart": 0,
                      "units_in_stock": 81,
                      "url": "/charcuteria-y-quesos/salchichas/p/303888",
                      "weight": 0
                    }
                  ],
                  "link": "/charcuteria-y-quesos/salchichas/c/L2206",
                  "query_id": "4c18c8bf6dd66989102f1bc7198b2a6c"
                }
              ]
            },
            {
              "categories": [
                {
                  "category_id": "L2012",
                  "category_name": "Foie, paté y sobrasada",
                  "has_more_items": true,
                  "items": [
                    {
                      "brand": "La piara",
                      "display_name": "Paté clásico La piara lata 2 x 75 g",
                      "expiration_days": 0,
                      "image": "/product_images/306350/306350_ISO_0_ES.jpg",
                      "object_id": "306350",
                      "prices": {
                        "currency": "EUR",
                        "discount_percentage": 0,
                        "is_club_price": false,
                        "is_promo_price": false,
                        "measure_unit": "KILO",
                        "price": 1,
                        "price_per_unit": 6.67,
                        "strikethrough_price": 1
                      },
                      "product_info": "Sin gluten",
                      "sku_id": "306350",
                      "units_in_cart": 0,
                      "units_in_stock": 55,
                      "url": "/charcuteria-y-quesos/foie-pate-y-sobrasada/p/306350",
                      "weight": 0
                    },
                    {
                      "brand": "Nuestra Alacena de Dia",
                      "display_name": "Paté de atún  Nuestra Alacena de Dia pack 2 x 75 g",
                      "expiration_days": 0,
                      "image": "/product_images/293539/293539_ISO_0_ES.jpg",
                      "object_id": "293539",
                      "prices": {
                        "currency": "EUR",
                        "discount_percentage": 0,
                        "is_club_price": false,
                        "is_promo_price": false,
                        "measure_unit": "KILO",
                        "price": 1.65,
                        "price_per_unit": 11,
                        "strikethrough_price": 1.65
                      },
                      "product_info": "Sin gluten",
                      "sku_id": "293539",
                      "units_in_cart": 0,
                      "units_in_stock": 77,
                      "url": "/charcuteria-y-quesos/foie-pate-y-sobrasada/p/293539",
                      "weight": 0
                    },
                    {
                      "brand": "Nuestra Alacena de Dia",
                      "display_name": "Paté a la pimienta Nuestra Alacena de Dia frasco 125 g",
                      "expiration_days": 0,
                      "image": "/product_images/39997/39997_ISO_0_ES.jpg",
                      "object_id": "39997",
                      "prices": {
                        "currency": "EUR",
                        "discount_percentage": 0,
                        "is_club_price": false,
                        "is_promo_price": false,
                        "measure_unit": "KILO",
                        "price": 1.09,
                        "price_per_unit": 8.72,
                        "strikethrough_price": 1.09
                      },
                      "product_info": "Sin gluten | Sin lactosa",
                      "sku_id": "39997",
                      "units_in_cart": 0,
                      "units_in_stock": 66,
                      "url": "/charcuteria-y-quesos/foie-pate-y-sobrasada/p/39997",
                      "weight": 0
                    },
                    {
                      "brand": "Aoste",
                      "display_name": "Mousse de foie de pato Aoste blister 100 g",
                      "expiration_days": 0,
                      "image": "/product_images/280341/280341_ISO_0_ES.jpg",
                      "object_id": "280341",
                      "prices": {
                        "currency": "EUR",
                        "discount_percentage": 0,
                        "is_club_price": false,
                        "is_promo_price": false,
                        "measure_unit": "KILO",
                        "price": 1.99,
                        "price_per_unit": 19.9,
                        "strikethrough_price": 1.99
                      },
                      "product_info": "Sin gluten",
                      "sku_id": "280341",
                      "units_in_cart": 0,
                      "units_in_stock": 60,
                      "url": "/charcuteria-y-quesos/foie-pate-y-sobrasada/p/280341",
                      "weight": 0
                    },
                    {
                      "brand": "Nuestra Alacena de Dia",
                      "display_name": "Paté de cerdo ibérico Nuestra Alacena de Dia frasco 125 g",
                      "expiration_days": 0,
                      "image": "/product_images/57937/57937_ISO_0_ES.jpg",
                      "object_id": "57937",
                      "prices": {
                        "currency": "EUR",
                        "discount_percentage": 0,
                        "is_club_price": false,
                        "is_promo_price": false,
                        "measure_unit": "KILO",
                        "price": 1.19,
                        "price_per_unit": 9.52,
                        "strikethrough_price": 1.19
                      },
                      "product_info": "Sin gluten | Sin lactosa",
                      "sku_id": "57937",
                      "units_in_cart": 0,
                      "units_in_stock": 35,
                      "url": "/charcuteria-y-quesos/foie-pate-y-sobrasada/p/57937",
                      "weight": 0
                    }
                  ],
                  "link": "/charcuteria-y-quesos/foie-pate-y-sobrasada/c/L2012",
                  "query_id": "030b1be327ed219be389cb7dc781b0d6"
                }
              ]
            }
          ],
          "skuIdsL1": {
            "L2001": ["273750", "273810", "273957", "273737", "273749"],
            "L2004": ["274057", "274058", "274051", "274052", "274053"],
            "L2005": ["273988", "37114", "274140", "274063", "273976"],
            "L2007": ["300005", "13096", "300006", "108589", "50652"],
            "L2008": ["115669", "115196", "73062", "108698", "303551"],
            "L2009": ["222761", "44948", "303266", "299577", "302540"],
            "L2010": ["263518", "302541", "120200", "263519", "296054"],
            "L2011": ["263217", "299580", "299583", "299585", "299589"],
            "L2206": ["303819", "303887", "303820", "125955", "303888"],
            "L2012": ["306350", "293539", "39997", "280341", "57937"]
          }
        },
        "l2": {
          "plp_items": [],
          "productsListKey": 0,
          "total_items": 0,
          "clientNavigationInProgress": false
        },
        "header": {
          "cartData": {
            "postal_code": "28041",
            "total_amount": 0,
            "total_units": 0
          },
          "customerData": {},
          "categoriesData": {
            "categories": [
              {
                "children": [
                  {
                    "id": "L125",
                    "link": "/freidora-de-aire-airfryer/c/L125",
                    "name": "Todo freidora de aire - airfryer"
                  },
                  {
                    "id": "L2231",
                    "link": "/freidora-de-aire-airfryer/patatas-airfryer/c/L2231",
                    "name": "Patatas Airfryer"
                  },
                  {
                    "id": "L2232",
                    "link": "/freidora-de-aire-airfryer/rebozados-airfryer/c/L2232",
                    "name": "Rebozados Airfryer"
                  },
                  {
                    "id": "L2233",
                    "link": "/freidora-de-aire-airfryer/verduras-airfryer/c/L2233",
                    "name": "Verduras Airfryer"
                  },
                  {
                    "id": "L2234",
                    "link": "/freidora-de-aire-airfryer/pescados-y-mariscos-airfryer/c/L2234",
                    "name": "Pescados y mariscos Airfryer"
                  },
                  {
                    "id": "L2235",
                    "link": "/freidora-de-aire-airfryer/carne-airfryer/c/L2235",
                    "name": "Carne Airfryer"
                  },
                  {
                    "id": "L2236",
                    "link": "/freidora-de-aire-airfryer/comida-preparada-airfryer/c/L2236",
                    "name": "Comida preparada Airfryer"
                  },
                  {
                    "id": "L2237",
                    "link": "/freidora-de-aire-airfryer/accesorios-airfryer/c/L2237",
                    "name": "Accesorios Airfryer"
                  }
                ],
                "icon": "/category_images/L125/L125_icon.png",
                "id": "L125",
                "link": "/freidora-de-aire-airfryer/c/L125",
                "name": "Freidora de aire - Airfryer"
              },
              {
                "children": [
                  {
                    "id": "L101",
                    "link": "/charcuteria-y-quesos/c/L101",
                    "name": "Todo charcutería y quesos"
                  },
                  {
                    "id": "L2001",
                    "link": "/charcuteria-y-quesos/jamon-cocido-lacon-fiambres-y-mortadela/c/L2001",
                    "name": "Jamón cocido, lacón, fiambres y mortadela"
                  },
                  {
                    "id": "L2004",
                    "link": "/charcuteria-y-quesos/jamon-curado-y-paleta/c/L2004",
                    "name": "Jamón curado y paleta"
                  },
                  {
                    "id": "L2005",
                    "link": "/charcuteria-y-quesos/lomo-chorizo-fuet-salchichon/c/L2005",
                    "name": "Lomo, chorizo, fuet, salchichón"
                  },
                  {
                    "id": "L2007",
                    "link": "/charcuteria-y-quesos/queso-curado-semicurado-y-tierno/c/L2007",
                    "name": "Queso curado, semicurado y tierno"
                  },
                  {
                    "id": "L2008",
                    "link": "/charcuteria-y-quesos/queso-fresco/c/L2008",
                    "name": "Queso fresco"
                  },
                  {
                    "id": "L2009",
                    "link": "/charcuteria-y-quesos/queso-azul-y-roquefort/c/L2009",
                    "name": "Queso azul y roquefort"
                  },
                  {
                    "id": "L2010",
                    "link": "/charcuteria-y-quesos/quesos-fundidos-y-cremas/c/L2010",
                    "name": "Quesos fundidos y cremas"
                  },
                  {
                    "id": "L2011",
                    "link": "/charcuteria-y-quesos/quesos-internacionales/c/L2011",
                    "name": "Quesos internacionales"
                  },
                  {
                    "id": "L2206",
                    "link": "/charcuteria-y-quesos/salchichas/c/L2206",
                    "name": "Salchichas"
                  },
                  {
                    "id": "L2012",
                    "link": "/charcuteria-y-quesos/foie-pate-y-sobrasada/c/L2012",
                    "name": "Foie, paté y sobrasada"
                  }
                ],
                "icon": "/category_images/L101/L101_icon.png",
                "id": "L101",
                "link": "/charcuteria-y-quesos/c/L101",
                "name": "Charcutería y quesos"
              },
              {
                "children": [
                  {
                    "id": "L102",
                    "link": "/carniceria/c/L102",
                    "name": "Todo carnicería"
                  },
                  {
                    "id": "L2202",
                    "link": "/carniceria/pollo/c/L2202",
                    "name": "Pollo"
                  },
                  {
                    "id": "L2013",
                    "link": "/carniceria/vacuno/c/L2013",
                    "name": "Vacuno"
                  },
                  {
                    "id": "L2014",
                    "link": "/carniceria/cerdo/c/L2014",
                    "name": "Cerdo"
                  },
                  {
                    "id": "L2015",
                    "link": "/carniceria/pavo/c/L2015",
                    "name": "Pavo"
                  },
                  {
                    "id": "L2016",
                    "link": "/carniceria/conejo/c/L2016",
                    "name": "Conejo"
                  },
                  {
                    "id": "L2017",
                    "link": "/carniceria/hamburguesas-y-carne-picada/c/L2017",
                    "name": "Hamburguesas y carne picada"
                  }
                ],
                "icon": "/category_images/L102/L102_icon.png",
                "id": "L102",
                "link": "/carniceria/c/L102",
                "name": "Carnicería"
              },
              {
                "children": [
                  {
                    "id": "L103",
                    "link": "/pescados-mariscos-y-ahumados/c/L103",
                    "name": "Todo pescados, mariscos y ahumados"
                  },
                  {
                    "id": "L2019",
                    "link": "/pescados-mariscos-y-ahumados/pescados/c/L2019",
                    "name": "Pescados"
                  },
                  {
                    "id": "L2194",
                    "link": "/pescados-mariscos-y-ahumados/mariscos/c/L2194",
                    "name": "Mariscos"
                  },
                  {
                    "id": "L2020",
                    "link": "/pescados-mariscos-y-ahumados/ahumados-salazones-y-preparados/c/L2020",
                    "name": "Ahumados, salazones y preparados"
                  },
                  {
                    "id": "L2021",
                    "link": "/pescados-mariscos-y-ahumados/sucedaneo-de-angulas-y-surimi/c/L2021",
                    "name": "Sucedáneo de angulas y surimi"
                  }
                ],
                "icon": "/category_images/L103/L103_icon.png",
                "id": "L103",
                "link": "/pescados-mariscos-y-ahumados/c/L103",
                "name": "Pescados, mariscos y ahumados"
              },
              {
                "children": [
                  {
                    "id": "L104",
                    "link": "/verduras/c/L104",
                    "name": "Todo verduras"
                  },
                  {
                    "id": "L2022",
                    "link": "/verduras/ajos-cebollas-y-puerros/c/L2022",
                    "name": "Ajos, cebollas y puerros"
                  },
                  {
                    "id": "L2023",
                    "link": "/verduras/tomates-pimientos-y-pepinos/c/L2023",
                    "name": "Tomates, pimientos y pepinos"
                  },
                  {
                    "id": "L2181",
                    "link": "/verduras/calabacin-calabaza-y-berenjena/c/L2181",
                    "name": "Calabacín, calabaza y berenjena"
                  },
                  {
                    "id": "L2024",
                    "link": "/verduras/judias-brocolis-y-coliflores/c/L2024",
                    "name": "Judías, brócolis y coliflores"
                  },
                  {
                    "id": "L2027",
                    "link": "/verduras/lechuga-escarolas-y-endivias/c/L2027",
                    "name": "Lechuga, escarolas y endivias"
                  },
                  {
                    "id": "L2028",
                    "link": "/verduras/patatas-y-zanahorias/c/L2028",
                    "name": "Patatas y zanahorias"
                  },
                  {
                    "id": "L2029",
                    "link": "/verduras/setas-y-champinones/c/L2029",
                    "name": "Setas y champiñones"
                  },
                  {
                    "id": "L2030",
                    "link": "/verduras/verduras-y-ensaladas-preparadas/c/L2030",
                    "name": "Verduras y ensaladas preparadas"
                  },
                  {
                    "id": "L2031",
                    "link": "/verduras/otras-verduras/c/L2031",
                    "name": "Otras verduras"
                  }
                ],
                "icon": "/category_images/L104/L104_icon.png",
                "id": "L104",
                "link": "/verduras/c/L104",
                "name": "Verduras"
              },
              {
                "children": [
                  {
                    "id": "L105",
                    "link": "/frutas/c/L105",
                    "name": "Todo frutas"
                  },
                  {
                    "id": "L2040",
                    "link": "/frutas/frutas-de-temporada/c/L2040",
                    "name": "Frutas de temporada"
                  },
                  {
                    "id": "L2032",
                    "link": "/frutas/manzanas/c/L2032",
                    "name": "Manzanas"
                  },
                  {
                    "id": "L2033",
                    "link": "/frutas/platanos/c/L2033",
                    "name": "Platanos"
                  },
                  {
                    "id": "L2034",
                    "link": "/frutas/peras/c/L2034",
                    "name": "Peras"
                  },
                  {
                    "id": "L2196",
                    "link": "/frutas/naranjas-y-mandarinas/c/L2196",
                    "name": "Naranjas y mandarinas"
                  },
                  {
                    "id": "L2035",
                    "link": "/frutas/uvas/c/L2035",
                    "name": "Uvas"
                  },
                  {
                    "id": "L2037",
                    "link": "/frutas/limones-y-pomelos/c/L2037",
                    "name": "Limones y pomelos"
                  },
                  {
                    "id": "L2038",
                    "link": "/frutas/frutas-del-bosque/c/L2038",
                    "name": "Frutas del bosque"
                  },
                  {
                    "id": "L2039",
                    "link": "/frutas/frutas-tropicales/c/L2039",
                    "name": "Frutas tropicales"
                  },
                  {
                    "id": "L2041",
                    "link": "/frutas/frutas-deshidratadas/c/L2041",
                    "name": "Frutas deshidratadas"
                  }
                ],
                "icon": "/category_images/L105/L105_icon.png",
                "id": "L105",
                "link": "/frutas/c/L105",
                "name": "Frutas"
              },
              {
                "children": [
                  {
                    "id": "L108",
                    "link": "/leche-huevos-y-mantequilla/c/L108",
                    "name": "Todo leche, huevos y mantequilla"
                  },
                  {
                    "id": "L2051",
                    "link": "/leche-huevos-y-mantequilla/leche/c/L2051",
                    "name": "Leche"
                  },
                  {
                    "id": "L2052",
                    "link": "/leche-huevos-y-mantequilla/bebidas-vegetales/c/L2052",
                    "name": "Bebidas vegetales"
                  },
                  {
                    "id": "L2053",
                    "link": "/leche-huevos-y-mantequilla/batidos-y-horchatas/c/L2053",
                    "name": "Batidos y horchatas"
                  },
                  {
                    "id": "L2055",
                    "link": "/leche-huevos-y-mantequilla/huevos/c/L2055",
                    "name": "Huevos"
                  },
                  {
                    "id": "L2056",
                    "link": "/leche-huevos-y-mantequilla/mantequilla-y-margarina/c/L2056",
                    "name": "Mantequilla y margarina"
                  },
                  {
                    "id": "L2054",
                    "link": "/leche-huevos-y-mantequilla/nata/c/L2054",
                    "name": "Nata"
                  }
                ],
                "icon": "/category_images/L108/L108_icon.png",
                "id": "L108",
                "link": "/leche-huevos-y-mantequilla/c/L108",
                "name": "Leche, huevos y mantequilla"
              },
              {
                "children": [
                  {
                    "id": "L113",
                    "link": "/yogures-y-postres/c/L113",
                    "name": "Todo yogures y postres"
                  },
                  {
                    "id": "L2082",
                    "link": "/yogures-y-postres/griegos-y-mousse/c/L2082",
                    "name": "Griegos y mousse"
                  },
                  {
                    "id": "L2079",
                    "link": "/yogures-y-postres/yogures-naturales/c/L2079",
                    "name": "Yogures naturales"
                  },
                  {
                    "id": "L2081",
                    "link": "/yogures-y-postres/yogures-de-sabores-y-frutas/c/L2081",
                    "name": "Yogures de sabores y frutas"
                  },
                  {
                    "id": "L2083",
                    "link": "/yogures-y-postres/yogures-infantiles/c/L2083",
                    "name": "Yogures infantiles"
                  },
                  {
                    "id": "L2080",
                    "link": "/yogures-y-postres/yogures-desnatados/c/L2080",
                    "name": "Yogures desnatados"
                  },
                  {
                    "id": "L2078",
                    "link": "/yogures-y-postres/yogures-bifidus-y-colesterol/c/L2078",
                    "name": "Yogures bífidus y colesterol"
                  },
                  {
                    "id": "L2084",
                    "link": "/yogures-y-postres/yogures-de-soja-y-enriquecidos/c/L2084",
                    "name": "Yogures de soja y enriquecidos"
                  },
                  {
                    "id": "L2085",
                    "link": "/yogures-y-postres/kefir-y-otros-yogures/c/L2085",
                    "name": "Kéfir y otros yogures"
                  },
                  {
                    "id": "L2229",
                    "link": "/yogures-y-postres/postres-y-yogures-de-proteinas/c/L2229",
                    "name": "Postres y yogures de proteínas"
                  },
                  {
                    "id": "L2088",
                    "link": "/yogures-y-postres/natillas-y-flan/c/L2088",
                    "name": "Natillas y flan"
                  },
                  {
                    "id": "L2087",
                    "link": "/yogures-y-postres/arroz-con-leche-y-postre-tradicional/c/L2087",
                    "name": "Arroz con leche y postre tradicional"
                  },
                  {
                    "id": "L2086",
                    "link": "/yogures-y-postres/cuajada/c/L2086",
                    "name": "Cuajada"
                  },
                  {
                    "id": "L2089",
                    "link": "/yogures-y-postres/gelatinas-y-otros-postres/c/L2089",
                    "name": "Gelatinas y otros postres"
                  }
                ],
                "icon": "/category_images/L113/L113_icon.png",
                "id": "L113",
                "link": "/yogures-y-postres/c/L113",
                "name": "Yogures y postres"
              },
              {
                "children": [
                  {
                    "id": "L106",
                    "link": "/arroz-pastas-y-legumbres/c/L106",
                    "name": "Todo arroz, pastas y legumbres"
                  },
                  {
                    "id": "L2042",
                    "link": "/arroz-pastas-y-legumbres/arroz/c/L2042",
                    "name": "Arroz"
                  },
                  {
                    "id": "L2044",
                    "link": "/arroz-pastas-y-legumbres/pastas/c/L2044",
                    "name": "Pastas"
                  },
                  {
                    "id": "L2191",
                    "link": "/arroz-pastas-y-legumbres/garbanzos/c/L2191",
                    "name": "Garbanzos"
                  },
                  {
                    "id": "L2178",
                    "link": "/arroz-pastas-y-legumbres/alubias/c/L2178",
                    "name": "Alubias"
                  },
                  {
                    "id": "L2193",
                    "link": "/arroz-pastas-y-legumbres/lentejas/c/L2193",
                    "name": "Lentejas"
                  },
                  {
                    "id": "L2043",
                    "link": "/arroz-pastas-y-legumbres/quinoa-y-couscous/c/L2043",
                    "name": "Quinoa y couscous"
                  }
                ],
                "icon": "/category_images/L106/L106_icon.png",
                "id": "L106",
                "link": "/arroz-pastas-y-legumbres/c/L106",
                "name": "Arroz, pastas y legumbres"
              },
              {
                "children": [
                  {
                    "id": "L107",
                    "link": "/aceites-salsas-y-especias/c/L107",
                    "name": "Todo aceites, salsas y especias"
                  },
                  {
                    "id": "L2046",
                    "link": "/aceites-salsas-y-especias/aceites/c/L2046",
                    "name": "Aceites"
                  },
                  {
                    "id": "L2047",
                    "link": "/aceites-salsas-y-especias/vinagres-y-alinos/c/L2047",
                    "name": "Vinagres y aliños"
                  },
                  {
                    "id": "L2208",
                    "link": "/aceites-salsas-y-especias/tomate/c/L2208",
                    "name": "Tomate"
                  },
                  {
                    "id": "L2050",
                    "link": "/aceites-salsas-y-especias/mayonesa-ketchup-y-otras-salsas/c/L2050",
                    "name": "Mayonesa, ketchup y otras salsas"
                  },
                  {
                    "id": "L2048",
                    "link": "/aceites-salsas-y-especias/sal-y-especias/c/L2048",
                    "name": "Sal y especias"
                  }
                ],
                "icon": "/category_images/L107/L107_icon.png",
                "id": "L107",
                "link": "/aceites-salsas-y-especias/c/L107",
                "name": "Aceites, salsas y especias"
              },
              {
                "children": [
                  {
                    "id": "L114",
                    "link": "/conservas-caldos-y-cremas/c/L114",
                    "name": "Todo conservas, caldos y cremas"
                  },
                  {
                    "id": "L2179",
                    "link": "/conservas-caldos-y-cremas/atun-bonito-y-caballa/c/L2179",
                    "name": "Atún, bonito y caballa"
                  },
                  {
                    "id": "L2180",
                    "link": "/conservas-caldos-y-cremas/berberechos/c/L2180",
                    "name": "Berberechos"
                  },
                  {
                    "id": "L2195",
                    "link": "/conservas-caldos-y-cremas/mejillones/c/L2195",
                    "name": "Mejillones"
                  },
                  {
                    "id": "L2207",
                    "link": "/conservas-caldos-y-cremas/sardinas-y-sardinillas/c/L2207",
                    "name": "Sardinas y sardinillas"
                  },
                  {
                    "id": "L2197",
                    "link": "/conservas-caldos-y-cremas/otras-conservas-de-pescado/c/L2197",
                    "name": "Otras conservas de pescado"
                  },
                  {
                    "id": "L2092",
                    "link": "/conservas-caldos-y-cremas/conservas-vegetales/c/L2092",
                    "name": "Conservas vegetales"
                  },
                  {
                    "id": "L2093",
                    "link": "/conservas-caldos-y-cremas/sopas-caldos-y-pures-deshidratados/c/L2093",
                    "name": "Sopas, caldos y purés deshidratados"
                  },
                  {
                    "id": "L2094",
                    "link": "/conservas-caldos-y-cremas/cremas-y-caldos-liquidos/c/L2094",
                    "name": "Cremas y caldos líquidos"
                  }
                ],
                "icon": "/category_images/L114/L114_icon.png",
                "id": "L114",
                "link": "/conservas-caldos-y-cremas/c/L114",
                "name": "Conservas, caldos y cremas"
              },
              {
                "children": [
                  {
                    "id": "L112",
                    "link": "/panes-harinas-y-masas/c/L112",
                    "name": "Todo panes, harinas y masas"
                  },
                  {
                    "id": "L2070",
                    "link": "/panes-harinas-y-masas/pan-recien-horneado/c/L2070",
                    "name": "Pan recien horneado"
                  },
                  {
                    "id": "L2069",
                    "link": "/panes-harinas-y-masas/pan-de-molde-perritos-y-hamburguesas/c/L2069",
                    "name": "Pan de molde, perritos y hamburguesas."
                  },
                  {
                    "id": "L2071",
                    "link": "/panes-harinas-y-masas/picos-y-panes-tostados/c/L2071",
                    "name": "Picos y panes tostados"
                  },
                  {
                    "id": "L2072",
                    "link": "/panes-harinas-y-masas/pan-rallado/c/L2072",
                    "name": "Pan rallado"
                  },
                  {
                    "id": "L2075",
                    "link": "/panes-harinas-y-masas/harinas-y-levaduras/c/L2075",
                    "name": "Harinas y levaduras"
                  },
                  {
                    "id": "L2076",
                    "link": "/panes-harinas-y-masas/masas-y-hojaldres/c/L2076",
                    "name": "Masas y hojaldres"
                  },
                  {
                    "id": "L2077",
                    "link": "/panes-harinas-y-masas/preparados-para-postres/c/L2077",
                    "name": "Preparados para postres"
                  }
                ],
                "icon": "/category_images/L112/L112_icon.png",
                "id": "L112",
                "link": "/panes-harinas-y-masas/c/L112",
                "name": "Panes, harinas y masas"
              },
              {
                "children": [
                  {
                    "id": "L109",
                    "link": "/cafe-cacao-e-infusiones/c/L109",
                    "name": "Todo café, cacao e infusiones"
                  },
                  {
                    "id": "L2057",
                    "link": "/cafe-cacao-e-infusiones/cafe/c/L2057",
                    "name": "Café"
                  },
                  {
                    "id": "L2058",
                    "link": "/cafe-cacao-e-infusiones/cacao/c/L2058",
                    "name": "Cacao"
                  },
                  {
                    "id": "L2059",
                    "link": "/cafe-cacao-e-infusiones/te-e-infusiones/c/L2059",
                    "name": "Té e infusiones"
                  }
                ],
                "icon": "/category_images/L109/L109_icon.png",
                "id": "L109",
                "link": "/cafe-cacao-e-infusiones/c/L109",
                "name": "Café, cacao e infusiones"
              },
              {
                "children": [
                  {
                    "id": "L110",
                    "link": "/azucar-chocolates-y-caramelos/c/L110",
                    "name": "Todo azúcar, chocolates y caramelos"
                  },
                  {
                    "id": "L2060",
                    "link": "/azucar-chocolates-y-caramelos/azucar-y-edulcorantes/c/L2060",
                    "name": "Azúcar y edulcorantes"
                  },
                  {
                    "id": "L2061",
                    "link": "/azucar-chocolates-y-caramelos/miel/c/L2061",
                    "name": "Miel"
                  },
                  {
                    "id": "L2062",
                    "link": "/azucar-chocolates-y-caramelos/mermeladas-y-frutas-en-almibar/c/L2062",
                    "name": "Mermeladas y frutas en almibar"
                  },
                  {
                    "id": "L2228",
                    "link": "/azucar-chocolates-y-caramelos/cremas-de-cacao/c/L2228",
                    "name": "Cremas de cacao"
                  },
                  {
                    "id": "L2063",
                    "link": "/azucar-chocolates-y-caramelos/chocolates-y-bombones/c/L2063",
                    "name": "Chocolates y bombones"
                  },
                  {
                    "id": "L2064",
                    "link": "/azucar-chocolates-y-caramelos/caramelos-chicles-y-golosinas/c/L2064",
                    "name": "Caramelos, chicles y golosinas"
                  }
                ],
                "icon": "/category_images/L110/L110_icon.png",
                "id": "L110",
                "link": "/azucar-chocolates-y-caramelos/c/L110",
                "name": "Azúcar, chocolates y caramelos"
              },
              {
                "children": [
                  {
                    "id": "L111",
                    "link": "/galletas-bollos-y-cereales/c/L111",
                    "name": "Todo galletas, bollos y cereales"
                  },
                  {
                    "id": "L2065",
                    "link": "/galletas-bollos-y-cereales/galletas/c/L2065",
                    "name": "Galletas"
                  },
                  {
                    "id": "L2066",
                    "link": "/galletas-bollos-y-cereales/galletas-saladas/c/L2066",
                    "name": "Galletas saladas"
                  },
                  {
                    "id": "L2067",
                    "link": "/galletas-bollos-y-cereales/bolleria/c/L2067",
                    "name": "Bollería"
                  },
                  {
                    "id": "L2068",
                    "link": "/galletas-bollos-y-cereales/cereales/c/L2068",
                    "name": "Cereales"
                  },
                  {
                    "id": "L2216",
                    "link": "/galletas-bollos-y-cereales/tortitas/c/L2216",
                    "name": "Tortitas"
                  }
                ],
                "icon": "/category_images/L111/L111_icon.png",
                "id": "L111",
                "link": "/galletas-bollos-y-cereales/c/L111",
                "name": "Galletas, bollos y cereales"
              },
              {
                "children": [
                  {
                    "id": "L115",
                    "link": "/patatas-fritas-encurtidos-y-frutos-secos/c/L115",
                    "name": "Todo patatas fritas, encurtidos y frutos secos"
                  },
                  {
                    "id": "L2098",
                    "link": "/patatas-fritas-encurtidos-y-frutos-secos/patatas-fritas-y-aperitivos/c/L2098",
                    "name": "Patatas fritas y aperitivos"
                  },
                  {
                    "id": "L2096",
                    "link": "/patatas-fritas-encurtidos-y-frutos-secos/aceitunas-y-encurtidos/c/L2096",
                    "name": "Aceitunas y encurtidos"
                  },
                  {
                    "id": "L2097",
                    "link": "/patatas-fritas-encurtidos-y-frutos-secos/frutos-secos/c/L2097",
                    "name": "Frutos secos"
                  }
                ],
                "icon": "/category_images/L115/L115_icon.png",
                "id": "L115",
                "link": "/patatas-fritas-encurtidos-y-frutos-secos/c/L115",
                "name": "Patatas fritas, encurtidos y frutos secos"
              },
              {
                "children": [
                  {
                    "id": "L116",
                    "link": "/pizzas-y-platos-preparados/c/L116",
                    "name": "Todo pizzas y platos preparados"
                  },
                  {
                    "id": "L2101",
                    "link": "/pizzas-y-platos-preparados/pizzas/c/L2101",
                    "name": "Pizzas"
                  },
                  {
                    "id": "L2102",
                    "link": "/pizzas-y-platos-preparados/precocinados-envasados/c/L2102",
                    "name": "Precocinados envasados"
                  },
                  {
                    "id": "L2103",
                    "link": "/pizzas-y-platos-preparados/comida-internacional/c/L2103",
                    "name": "Comida internacional"
                  },
                  {
                    "id": "L2105",
                    "link": "/pizzas-y-platos-preparados/tortillas-y-empanadas/c/L2105",
                    "name": "Tortillas y empanadas"
                  },
                  {
                    "id": "L2106",
                    "link": "/pizzas-y-platos-preparados/gazpachos-y-salmorejos/c/L2106",
                    "name": "Gazpachos y salmorejos"
                  }
                ],
                "icon": "/category_images/L116/L116_icon.png",
                "id": "L116",
                "link": "/pizzas-y-platos-preparados/c/L116",
                "name": "Pizzas y platos preparados"
              },
              {
                "children": [
                  {
                    "id": "L119",
                    "link": "/congelados/c/L119",
                    "name": "Todo congelados"
                  },
                  {
                    "id": "L2130",
                    "link": "/congelados/helados-y-hielo/c/L2130",
                    "name": "Helados y hielo"
                  },
                  {
                    "id": "L2131",
                    "link": "/congelados/pizzas-bases-y-masas/c/L2131",
                    "name": "Pizzas, bases y masas"
                  },
                  {
                    "id": "L2132",
                    "link": "/congelados/pescado-y-marisco/c/L2132",
                    "name": "Pescado y marisco"
                  },
                  {
                    "id": "L2133",
                    "link": "/congelados/carne-y-pollo/c/L2133",
                    "name": "Carne y pollo"
                  },
                  {
                    "id": "L2210",
                    "link": "/congelados/verduras-hortalizas-y-salteados/c/L2210",
                    "name": "Verduras, hortalizas y salteados"
                  },
                  {
                    "id": "L2213",
                    "link": "/congelados/patatas-fritas/c/L2213",
                    "name": "Patatas fritas"
                  },
                  {
                    "id": "L2135",
                    "link": "/congelados/croquetas-y-rebozados/c/L2135",
                    "name": "Croquetas y rebozados"
                  },
                  {
                    "id": "L2136",
                    "link": "/congelados/churros-y-postres/c/L2136",
                    "name": "Churros y postres"
                  },
                  {
                    "id": "L2137",
                    "link": "/congelados/lasanas-y-pasta/c/L2137",
                    "name": "Lasañas y pasta"
                  }
                ],
                "icon": "/category_images/L119/L119_icon.png",
                "id": "L119",
                "link": "/congelados/c/L119",
                "name": "Congelados"
              },
              {
                "children": [
                  {
                    "id": "L117",
                    "link": "/agua-refrescos-y-zumos/c/L117",
                    "name": "Todo agua, refrescos y zumos"
                  },
                  {
                    "id": "L2107",
                    "link": "/agua-refrescos-y-zumos/agua/c/L2107",
                    "name": "Agua"
                  },
                  {
                    "id": "L2108",
                    "link": "/agua-refrescos-y-zumos/cola/c/L2108",
                    "name": "Cola"
                  },
                  {
                    "id": "L2212",
                    "link": "/agua-refrescos-y-zumos/naranja/c/L2212",
                    "name": "Naranja"
                  },
                  {
                    "id": "L2109",
                    "link": "/agua-refrescos-y-zumos/limon-lima-limon/c/L2109",
                    "name": "Limón, lima limón"
                  },
                  {
                    "id": "L2111",
                    "link": "/agua-refrescos-y-zumos/tes-frios-cafes-frios/c/L2111",
                    "name": "Tés fríos, cafés frios"
                  },
                  {
                    "id": "L2112",
                    "link": "/agua-refrescos-y-zumos/tonicas/c/L2112",
                    "name": "Tónicas"
                  },
                  {
                    "id": "L2192",
                    "link": "/agua-refrescos-y-zumos/gaseosa/c/L2192",
                    "name": "Gaseosa"
                  },
                  {
                    "id": "L2217",
                    "link": "/agua-refrescos-y-zumos/bebidas-energeticas/c/L2217",
                    "name": "Bebidas energéticas"
                  },
                  {
                    "id": "L2114",
                    "link": "/agua-refrescos-y-zumos/bebidas-isotonicas/c/L2114",
                    "name": "Bebidas isotónicas"
                  },
                  {
                    "id": "L2113",
                    "link": "/agua-refrescos-y-zumos/zumos/c/L2113",
                    "name": "Zumos"
                  },
                  {
                    "id": "L2110",
                    "link": "/agua-refrescos-y-zumos/otras-bebidas/c/L2110",
                    "name": "Otras bebidas"
                  }
                ],
                "icon": "/category_images/L117/L117_icon.png",
                "id": "L117",
                "link": "/agua-refrescos-y-zumos/c/L117",
                "name": "Agua, refrescos y zumos"
              },
              {
                "children": [
                  {
                    "id": "L118",
                    "link": "/cervezas-vinos-y-bebidas-con-alcohol/c/L118",
                    "name": "Todo cervezas, vinos y bebidas con alcohol"
                  },
                  {
                    "id": "L2115",
                    "link": "/cervezas-vinos-y-bebidas-con-alcohol/cervezas/c/L2115",
                    "name": "Cervezas"
                  },
                  {
                    "id": "L2117",
                    "link": "/cervezas-vinos-y-bebidas-con-alcohol/cervezas-especiales/c/L2117",
                    "name": "Cervezas especiales"
                  },
                  {
                    "id": "L2182",
                    "link": "/cervezas-vinos-y-bebidas-con-alcohol/cervezas-con-limon/c/L2182",
                    "name": "Cervezas con limón"
                  },
                  {
                    "id": "L2118",
                    "link": "/cervezas-vinos-y-bebidas-con-alcohol/cervezas-sin-alcohol/c/L2118",
                    "name": "Cervezas sin alcohol"
                  },
                  {
                    "id": "L2119",
                    "link": "/cervezas-vinos-y-bebidas-con-alcohol/tinto-de-verano-y-sangria/c/L2119",
                    "name": "Tinto de verano y sangría"
                  },
                  {
                    "id": "L2120",
                    "link": "/cervezas-vinos-y-bebidas-con-alcohol/vino-tinto/c/L2120",
                    "name": "Vino tinto"
                  },
                  {
                    "id": "L2121",
                    "link": "/cervezas-vinos-y-bebidas-con-alcohol/vino-blanco/c/L2121",
                    "name": "Vino blanco"
                  },
                  {
                    "id": "L2122",
                    "link": "/cervezas-vinos-y-bebidas-con-alcohol/cavas-y-sidra/c/L2122",
                    "name": "Cavas y sidra"
                  },
                  {
                    "id": "L2124",
                    "link": "/cervezas-vinos-y-bebidas-con-alcohol/vino-rosado/c/L2124",
                    "name": "Vino rosado"
                  },
                  {
                    "id": "L2125",
                    "link": "/cervezas-vinos-y-bebidas-con-alcohol/ginebra-y-vodka/c/L2125",
                    "name": "Ginebra y vodka"
                  },
                  {
                    "id": "L2128",
                    "link": "/cervezas-vinos-y-bebidas-con-alcohol/ron-y-whisky/c/L2128",
                    "name": "Ron y whisky"
                  },
                  {
                    "id": "L2127",
                    "link": "/cervezas-vinos-y-bebidas-con-alcohol/vermouth/c/L2127",
                    "name": "Vermouth"
                  },
                  {
                    "id": "L2129",
                    "link": "/cervezas-vinos-y-bebidas-con-alcohol/cremas-y-licores/c/L2129",
                    "name": "Cremas y licores"
                  },
                  {
                    "id": "L2126",
                    "link": "/cervezas-vinos-y-bebidas-con-alcohol/brandy/c/L2126",
                    "name": "Brandy"
                  }
                ],
                "icon": "/category_images/L118/L118_icon.png",
                "id": "L118",
                "link": "/cervezas-vinos-y-bebidas-con-alcohol/c/L118",
                "name": "Cervezas, vinos y bebidas con alcohol"
              },
              {
                "children": [
                  {
                    "id": "L122",
                    "link": "/limpieza-y-hogar/c/L122",
                    "name": "Todo limpieza y hogar"
                  },
                  {
                    "id": "L2170",
                    "link": "/limpieza-y-hogar/cuidado-de-la-ropa/c/L2170",
                    "name": "Cuidado de la ropa"
                  },
                  {
                    "id": "L2167",
                    "link": "/limpieza-y-hogar/lavavajillas/c/L2167",
                    "name": "Lavavajillas"
                  },
                  {
                    "id": "L2168",
                    "link": "/limpieza-y-hogar/papel-higienico-de-cocina-servilletas/c/L2168",
                    "name": "Papel higiénico, de cocina, servilletas"
                  },
                  {
                    "id": "L2159",
                    "link": "/limpieza-y-hogar/utensilios-de-limpieza/c/L2159",
                    "name": "Utensilios de limpieza"
                  },
                  {
                    "id": "L2160",
                    "link": "/limpieza-y-hogar/bolsas-de-basura/c/L2160",
                    "name": "Bolsas de basura"
                  },
                  {
                    "id": "L2161",
                    "link": "/limpieza-y-hogar/lejia-y-otros-quimicos/c/L2161",
                    "name": "Lejía y otros químicos"
                  },
                  {
                    "id": "L2162",
                    "link": "/limpieza-y-hogar/cristales-y-suelos/c/L2162",
                    "name": "Cristales y suelos"
                  },
                  {
                    "id": "L2163",
                    "link": "/limpieza-y-hogar/limpia-muebles-y-multiusos/c/L2163",
                    "name": "Limpia muebles y multiusos"
                  },
                  {
                    "id": "L2164",
                    "link": "/limpieza-y-hogar/limpieza-bano-y-wc/c/L2164",
                    "name": "Limpieza baño y WC"
                  },
                  {
                    "id": "L2166",
                    "link": "/limpieza-y-hogar/limpieza-cocina-y-vitroceramica/c/L2166",
                    "name": "Limpieza cocina y vitrocerámica"
                  },
                  {
                    "id": "L2169",
                    "link": "/limpieza-y-hogar/papel-de-aluminio-horno-y-film/c/L2169",
                    "name": "Papel de aluminio, horno y film"
                  },
                  {
                    "id": "L2173",
                    "link": "/limpieza-y-hogar/insecticidas/c/L2173",
                    "name": "Insecticidas"
                  },
                  {
                    "id": "L2226",
                    "link": "/limpieza-y-hogar/ambientadores/c/L2226",
                    "name": "Ambientadores"
                  },
                  {
                    "id": "L2171",
                    "link": "/limpieza-y-hogar/calzado/c/L2171",
                    "name": "Calzado"
                  },
                  {
                    "id": "L2209",
                    "link": "/limpieza-y-hogar/utiles-del-hogar-pilas-bombillas/c/L2209",
                    "name": "Útiles del hogar, pilas, bombillas"
                  }
                ],
                "icon": "/category_images/L122/L122_icon.png",
                "id": "L122",
                "link": "/limpieza-y-hogar/c/L122",
                "name": "Limpieza y hogar"
              },
              {
                "children": [
                  {
                    "id": "L121",
                    "link": "/perfumeria-higiene-salud/c/L121",
                    "name": "Todo perfumería, higiene, salud"
                  },
                  {
                    "id": "L2153",
                    "link": "/perfumeria-higiene-salud/hidratacion-corporal/c/L2153",
                    "name": "Hidratación corporal"
                  },
                  {
                    "id": "L2211",
                    "link": "/perfumeria-higiene-salud/gel-de-ducha-y-esponjas/c/L2211",
                    "name": "Gel de ducha y esponjas"
                  },
                  {
                    "id": "L2151",
                    "link": "/perfumeria-higiene-salud/cuidado-bucal/c/L2151",
                    "name": "Cuidado bucal"
                  },
                  {
                    "id": "L2154",
                    "link": "/perfumeria-higiene-salud/desodorantes/c/L2154",
                    "name": "Desodorantes"
                  },
                  {
                    "id": "L2144",
                    "link": "/perfumeria-higiene-salud/champu/c/L2144",
                    "name": "Champú"
                  },
                  {
                    "id": "L2145",
                    "link": "/perfumeria-higiene-salud/acondicionadores-y-mascarillas/c/L2145",
                    "name": "Acondicionadores y mascarillas"
                  },
                  {
                    "id": "L2146",
                    "link": "/perfumeria-higiene-salud/espumas-y-fijadores/c/L2146",
                    "name": "Espumas y fijadores"
                  },
                  {
                    "id": "L2147",
                    "link": "/perfumeria-higiene-salud/tintes/c/L2147",
                    "name": "Tintes"
                  },
                  {
                    "id": "L2148",
                    "link": "/perfumeria-higiene-salud/limpieza-facial-crema-facial/c/L2148",
                    "name": "Limpieza facial, crema facial"
                  },
                  {
                    "id": "L2186",
                    "link": "/perfumeria-higiene-salud/quitaesmalte/c/L2186",
                    "name": "Quitaesmalte"
                  },
                  {
                    "id": "L2150",
                    "link": "/perfumeria-higiene-salud/afeitado/c/L2150",
                    "name": "Afeitado"
                  },
                  {
                    "id": "L2188",
                    "link": "/perfumeria-higiene-salud/depilacion/c/L2188",
                    "name": "Depilación"
                  },
                  {
                    "id": "L2155",
                    "link": "/perfumeria-higiene-salud/colonias/c/L2155",
                    "name": "Colonias"
                  },
                  {
                    "id": "L2156",
                    "link": "/perfumeria-higiene-salud/jabon-de-manos/c/L2156",
                    "name": "Jabón de manos"
                  },
                  {
                    "id": "L2227",
                    "link": "/perfumeria-higiene-salud/cremas-solares/c/L2227",
                    "name": "Cremas solares"
                  },
                  {
                    "id": "L2158",
                    "link": "/perfumeria-higiene-salud/compresas-y-cuidado-intimo/c/L2158",
                    "name": "Compresas y cuidado íntimo"
                  },
                  {
                    "id": "L2183",
                    "link": "/perfumeria-higiene-salud/complementos-nutricionales/c/L2183",
                    "name": "Complementos nutricionales"
                  },
                  {
                    "id": "L2184",
                    "link": "/perfumeria-higiene-salud/parafarmacia/c/L2184",
                    "name": "Parafarmacia"
                  }
                ],
                "icon": "/category_images/L121/L121_icon.png",
                "id": "L121",
                "link": "/perfumeria-higiene-salud/c/L121",
                "name": "Perfumería, higiene, salud"
              },
              {
                "children": [
                  { "id": "L120", "link": "/bebe/c/L120", "name": "Todo bebé" },
                  {
                    "id": "L2138",
                    "link": "/bebe/papilla/c/L2138",
                    "name": "Papilla"
                  },
                  {
                    "id": "L2139",
                    "link": "/bebe/leche-infantil/c/L2139",
                    "name": "Leche infantil"
                  },
                  {
                    "id": "L2141",
                    "link": "/bebe/potitos-y-tarritos/c/L2141",
                    "name": "Potitos y tarritos"
                  },
                  {
                    "id": "L2140",
                    "link": "/bebe/yogures-bolsitas-de-frutas-y-snacks/c/L2140",
                    "name": "Yogures, bolsitas de frutas y snacks"
                  },
                  {
                    "id": "L2142",
                    "link": "/bebe/panales-y-toallitas/c/L2142",
                    "name": "Pañales y toallitas"
                  },
                  {
                    "id": "L2143",
                    "link": "/bebe/cuidado-del-bebe/c/L2143",
                    "name": "Cuidado del bebé"
                  }
                ],
                "icon": "/category_images/L120/L120_icon.png",
                "id": "L120",
                "link": "/bebe/c/L120",
                "name": "Bebé"
              },
              {
                "children": [
                  {
                    "id": "L123",
                    "link": "/mascotas/c/L123",
                    "name": "Todo mascotas"
                  },
                  {
                    "id": "L2174",
                    "link": "/mascotas/perros/c/L2174",
                    "name": "Perros"
                  },
                  {
                    "id": "L2175",
                    "link": "/mascotas/gatos/c/L2175",
                    "name": "Gatos"
                  },
                  {
                    "id": "L2176",
                    "link": "/mascotas/otros-animales/c/L2176",
                    "name": "Otros animales"
                  }
                ],
                "icon": "/category_images/L123/L123_icon.png",
                "id": "L123",
                "link": "/mascotas/c/L123",
                "name": "Mascotas"
              }
            ],
            "offer_category": {
              "icon": "/category_images/L150/L150_icon.png",
              "id": "L150",
              "link": "/offers",
              "name": "Ofertas"
            },
            "selected_id": "L101"
          },
          "cartPopUpStatus": false,
          "showPostalCodeModal": false,
          "loginStatus": "ANONYMOUS",
          "userAddresses": [],
          "isValidAddAddress": true,
          "clientNavigationInProgress": false,
          "firstSearchCallResolved": false,
          "searchDataCallResolved": false,
          "searchDataKey": 0,
          "lastCallIsPaginationCall": false,
          "searchData": {
            "total_items": 0,
            "search_items": [],
            "sort": {},
            "pagination": {},
            "search_query_id": "",
            "facets": [],
            "applied_filters": []
          },
          "showSearchLayer": false,
          "searchTerm": "",
          "suggestionTerm": "",
          "searchSortParam": "",
          "searchFilterParams": "",
          "searchFilterDiaParam": "",
          "searchFrontOrigin": false,
          "showOffer": false,
          "footer": {
            "customer_support": [
              {
                "id": "cs_1",
                "link": "/l/atencion-al-cliente",
                "text": "Atención al cliente",
                "title": "Atención al cliente"
              }
            ],
            "information": [
              {
                "icon": "truck",
                "id": "inf_1",
                "text": "Entrega rápida y en la franja horaria que mejor te venga.",
                "title": "Pide hoy, recibe hoy"
              },
              {
                "icon": "euro",
                "id": "inf_2",
                "text": "Envío estándar por 4,99€. Gratis con +100€. Envío express por 4,99€.",
                "title": "Envío desde 4,99€"
              },
              {
                "icon": "map-pin",
                "id": "inf_3",
                "link": "https://www.dia.es/tiendas/buscador-tiendas-folletos",
                "text": "Localiza tu tienda y descubre las mejores ofertas.",
                "title": "Encuentra tu tienda"
              },
              {
                "icon": "brochure",
                "id": "inf_4",
                "link": "https://www.dia.es/folleto",
                "text": "Descubre las mejores Ofertas.",
                "title": "Folletos"
              },
              {
                "icon": "credit-card",
                "id": "inf_5",
                "link": "/l/tarjeta-club-dia",
                "text": "Solicita tu tarjeta y disfruta las ventajas del club.",
                "title": "Tarjeta CLUB Dia"
              },
              {
                "icon": "bill",
                "id": "inf_6",
                "link": "/tickets-delivery",
                "text": "Solicita tu factura de Glovo, Uber Eats o Just Eat",
                "title": "Glovo, Uber Eats y Just Eat"
              }
            ],
            "legal": [
              {
                "id": "legal_1",
                "sct_content_id": 3,
                "text": "Política de privacidad",
                "title": "Política de privacidad"
              },
              {
                "id": "legal_2",
                "link": "/l/politica-cookies",
                "text": "Política de cookies",
                "title": "Política de cookies"
              },
              {
                "id": "legal_3",
                "link": "/l/aviso-legal",
                "text": "Aviso legal",
                "title": "Aviso legal"
              },
              {
                "id": "legal_4",
                "sct_content_id": 4,
                "text": "Condiciones de compra",
                "title": "Condiciones de compra"
              }
            ],
            "social_media": [
              {
                "icon": "twitter",
                "id": "sm_1",
                "link": "https://twitter.com/dia_group?lang=es",
                "text": "Twitter",
                "title": "Twitter"
              },
              {
                "icon": "facebook",
                "id": "sm_2",
                "link": "https://www.facebook.com/DIAEspana?lang=es",
                "text": "Facebook",
                "title": "Facebook"
              },
              {
                "icon": "instagram",
                "id": "sm_3",
                "link": "https://instagram.com/dia_esp?lang=es",
                "text": "Instagram",
                "title": "Instagram"
              },
              {
                "icon": "tik-tok",
                "id": "sm_4",
                "link": "https://www.tiktok.com/@dia_espana?lang=es",
                "text": "Tik Tok",
                "title": "Tik Tok"
              },
              {
                "icon": "youtube",
                "id": "sm_5",
                "link": "https://www.youtube.com/user/DIAespana",
                "text": "Youtube",
                "title": "Youtube"
              }
            ],
            "validate_date": "© 2013 - 2023",
            "webs": [
              {
                "id": "web_1",
                "link": "http://blog.dia.es/",
                "text": "Recetas",
                "title": "Recetas"
              },
              {
                "id": "web_2",
                "link": "/l/comer-mejor-cada-dia",
                "text": "Comer mejor cada Dia",
                "title": "Comer mejor cada Dia"
              },
              {
                "id": "web_3",
                "link": "https://www.dia.es/tiendas/empleo",
                "text": "Empleo",
                "title": "Empleo"
              },
              {
                "id": "web_4",
                "link": "/contacto-proveedores",
                "text": "Colabora con DIA",
                "title": "Colabora con DIA"
              },
              {
                "id": "web_5",
                "link": "https://franquicia.dia.es/",
                "text": "Abre tu tienda",
                "title": "Abre tu tienda"
              },
              {
                "id": "web_6",
                "link": "https://diacorporate.com/",
                "text": "DIA corporate",
                "title": "DIA corporate"
              }
            ]
          },
          "legalConditions": [{ "legalConditionTexts": [{ "legalText": "" }] }]
        },
        "cart": { "cartButtonInteractions": 0 },
        "localStorage": {},
        "sessionStorage": {},
        "reevaluate": {
          "itemListReevaluate": {},
          "newPostalCode": "",
          "newAddressId": "",
          "newAddress": null,
          "skipNormalization": false,
          "mergedWithPostalCode": false,
          "skipDryRun": null,
          "cancellable": false,
          "reevaluateType": "cart_changed",
          "haveChangesBeenPersisted": false,
          "disableWindowReloadOnConfirm": false
        },
        "analytics": {
          "initializedAnalytics": false,
          "initialAnalyticsReceived": false,
          "analyticsCallCompleted": false,
          "useInitializeAnalytics": true,
          "initialDatalayer": {},
          "pageFields": {},
          "pageProductsAnalytics": {},
          "auxPageProductsAnalytics": {},
          "carouselProductsAnalytics": {},
          "auxCarouselProductsAnalytics": {},
          "adsProductsAnalytics": {},
          "searchProductsAnalytics": {},
          "auxSearchProductsAnalytics": {},
          "menuAnalytics": {},
          "footerAnalytics": {},
          "corporateContents": {},
          "auxCorporateContentsAnalytics": {},
          "filtersAnalytics": {},
          "auxFiltersAnalytics": {},
          "productAnalytics": null,
          "scrolledPercentage": 0,
          "initialDatalayerAdded": false,
          "listLocation": ""
        },
        "adPlacements": {
          "ad_placements": {
            "monetized": [],
            "corporate": { "id": "", "sections": [] }
          },
          "monetizedPageUid": "",
          "targeting": {},
          "insightCallComplete": false,
          "horizontalBannerIndex": { "key": 0, "newIndex": -1, "oldIndex": -1 }
        },
        "address": { "deydeToken": {}, "provinces": [], "deydeViaCp": [] },
        "pagination": {
          "pagination": {},
          "firstPageFetched": false,
          "lastPrevPageFetched": 0,
          "lastNextPageFetched": 0,
          "lastPageFetched": 0,
          "paginationInProcess": false,
          "currentPage": 0
        },
        "sortAndFilters": {
          "facetsAndFilters": [],
          "appliedFilters": [],
          "currentCategoryUrl": "",
          "diaBrandUri": "",
          "sort": {}
        },
        "lists": {
          "showCreateAndUpdateListModal": false,
          "renderListModalComponent": false,
          "customerLists": [],
          "maxLists": false
        },
        "offers": {
          "plp_items": [],
          "total_items": 0,
          "nextPage": "",
          "prevPage": "",
          "filters": ""
        },
        "offersByCategory": {
          "plp_items": [],
          "total_items": 0,
          "nextPage": "",
          "prevPage": "",
          "filters": "",
          "nextPageFields": {}
        },
        "apiEnvironmentVariables": {
          "domain": "www.dia.es",
          "listsEnabled": "true",
          "l1Enabled": "true",
          "mobileInitialItems": 4,
          "desktopInitialItems": 10,
          "banners": {
            "useNewMonetizedSlots": "true",
            "useNewMonetizedSlotsForPlp": "true",
            "google": {
              "googleBannerEnabled": "false",
              "googleClientId": "22786896130",
              "googleBannerEnv": "dia-prod",
              "googleBannerPosition": "banner_integrado_card",
              "googleRetriesNumber": 15
            },
            "server2server": { "server2ServerBannersEnabled": true }
          },
          "analytics": {
            "enabled": "true",
            "id": "GTM-N9J2VZR",
            "useNewSearchAnalytics": "true",
            "disableEvents": "",
            "enableCriteoEvents": "true"
          },
          "maxFiltersToApply": "5",
          "cookies": {
            "productionCookie": "true",
            "cookieEnabled": "true",
            "oneTrustAutoBlockEnabled": "false",
            "cookieScriptId": "5a716931-44b0-415f-9bf7-3a94d961c123"
          },
          "search": {
            "minCharsToSearch": 2,
            "debounceMilliseconds": "500",
            "searchMaxFiltersToApply": 30
          },
          "surveyButton": {
            "enableSurveyButton": false,
            "surveyIdentifier": "simon/SGnB9M",
            "esDataMessage": "",
            "enDataMessage": "",
            "caDataMessage": "",
            "ptDataMessage": ""
          }
        },
        "canonical": "https://www.dia.es/charcuteria-y-quesos/c/L101"
      },
      "endpoints": {
        "plp": {
          "client": "https://www.dia.es/api/v1/plp-back",
          "server": "http://plp-back-api-service-v1.plp.svc.cluster.local:8080"
        },
        "cart": {
          "client": "https://www.dia.es/api/v1/cart",
          "server": "http://cart-api-service-v1.checkout.svc.cluster.local:8080"
        },
        "commonAggregator": {
          "client": "https://www.dia.es/api/v1/common-aggregator",
          "server": "http://common-aggregator-api-service-v1.commonweb.svc.cluster.local:8080"
        },
        "search": {
          "client": "https://www.dia.es/api/v1/search-back",
          "server": "http://search-back-api-service-v1.commonweb.svc.cluster.local:8080"
        },
        "insightSearch": {
          "client": "https://www.dia.es/api/v1/search-insight",
          "server": "http://search-insight-api-service-v1.search.svc.cluster.local:8080"
        },
        "insight": {
          "client": "https://www.dia.es/api/v1/plp-insight",
          "server": "http://plp-insight-api-service-v1.plp.svc.cluster.local:8080"
        },
        "sct": {
          "client": "https://www.dia.es/api/v1/customer-legal/legal-conditions",
          "server": "http://customer-legal-service-v1.customer.svc.cluster.local:8080/legal-conditions"
        },
        "deyde": {
          "client": "https://api.deyde.com",
          "server": "https://api.deyde.com"
        },
        "list": {
          "client": "https://www.dia.es/api/v1/list-back",
          "server": "http://list-back-api-service-v1.list.svc.cluster.local:8080"
        },
        "cartInsight": {
          "client": "https://www.dia.es/api/v1/cart-insight",
          "server": "http://cart-insight-api-service-v1.checkout.svc.cluster.local:8080"
        }
      },
      "envVariables": {
        "logLevel": "INFO",
        "projectId": "dia-es-ecom-pro",
        "apiEnvironmentVariables": {
          "domain": "www.dia.es",
          "listsEnabled": "true",
          "l1Enabled": "true",
          "mobileInitialItems": 4,
          "desktopInitialItems": 10,
          "banners": {
            "useNewMonetizedSlots": "true",
            "useNewMonetizedSlotsForPlp": "true",
            "google": {
              "googleBannerEnabled": "false",
              "googleClientId": "22786896130",
              "googleBannerEnv": "dia-prod",
              "googleBannerPosition": "banner_integrado_card",
              "googleRetriesNumber": 15
            },
            "server2server": { "server2ServerBannersEnabled": true }
          },
          "analytics": {
            "enabled": "true",
            "id": "GTM-N9J2VZR",
            "useNewSearchAnalytics": "true",
            "disableEvents": "",
            "enableCriteoEvents": "true"
          },
          "maxFiltersToApply": "5",
          "cookies": {
            "productionCookie": "true",
            "cookieEnabled": "true",
            "oneTrustAutoBlockEnabled": "false",
            "cookieScriptId": "5a716931-44b0-415f-9bf7-3a94d961c123"
          },
          "search": {
            "minCharsToSearch": 2,
            "debounceMilliseconds": "500",
            "searchMaxFiltersToApply": 30
          },
          "surveyButton": {
            "enableSurveyButton": false,
            "surveyIdentifier": "simon/SGnB9M",
            "esDataMessage": "",
            "enDataMessage": "",
            "caDataMessage": "",
            "ptDataMessage": ""
          }
        },
        "baseUrl": "https://www.dia.es"
      },
      "finalHeaders": {
        "Accept": "application/json, text/plain, */*",
        "Content-Type": "!undefined",
        "cart_id": "d277116e-965c-4d1b-a2cf-9b027cf6cb83",
        "session_id": "8b4e4ff2-3c56-4e67-9d82-eeb74fbfa080",
        "customer_id": "",
        "x-locale": "es",
        "x-mobile": ""
      },
      "serverUrlQueryParam": {
        "_gl": "1*1eh3ztj*_up*MQ..*_gs*MQ..",
        "gclid": "CjwKCAjw3MXBBhAzEiwA0vLXQSzUErx4RI3NSCdIAl40PjsqXkKY8gZcJfmDuAkpTGl_B-MQpmgVyhoC7UQQAvD_BwE",
        "gclsrc": "aw.ds",
        "gbraid": "0AAAAADdKPtLkD2ZoTY5VUSQeWSkerCv-x"
      },
      "abortReason": "!undefined",
      "_urlRewrite": null,
      "_urlRedirect": "!undefined",
      "abortStatusCode": "!undefined",
      "_abortCall": "!undefined",
      "_pageContextInitHasClientData": true,
      "_pageId": "/src/pages/l1/index"
    }
  </script>

  <iframe
    style="display: none"
    name="__tcfapiLocator"
    title="CMP Locator"
  ></iframe>
  <script type="text/javascript" id="" charset="">
    (function () {
      var a = new URLSearchParams(window.location.search);
      (a = a.get("utm_source")) && sessionStorage.setItem("utm_source", a);
    })();
  </script>
  <script type="text/javascript" id="" charset="">
    !(function (b, e, f, g, a, c, d) {
      b.fbq ||
        ((a = b.fbq =
          function () {
            a.callMethod
              ? a.callMethod.apply(a, arguments)
              : a.queue.push(arguments);
          }),
        b._fbq || (b._fbq = a),
        (a.push = a),
        (a.loaded = !0),
        (a.version = "2.0"),
        (a.queue = []),
        (c = e.createElement(f)),
        (c.async = !0),
        (c.src = g),
        (d = e.getElementsByTagName(f)[0]),
        d.parentNode.insertBefore(c, d));
    })(
      window,
      document,
      "script",
      "https://connect.facebook.net/en_US/fbevents.js"
    );
    fbq("init", "343357618077791");
    fbq("track", "PageView");
  </script>
  <noscript
    ><img
      height="1"
      width="1"
      style="display: none"
      src="https://www.facebook.com/tr?id=343357618077791&amp;ev=PageView&amp;noscript=1"
  /></noscript>
  <script type="text/javascript" id="" charset="">
    !(function (d, g, e) {
      d.TiktokAnalyticsObject = e;
      var a = (d[e] = d[e] || []);
      a.methods =
        "page track identify instances debug on off once ready alias group enableCookie disableCookie".split(
          " "
        );
      a.setAndDefer = function (b, c) {
        b[c] = function () {
          b.push([c].concat(Array.prototype.slice.call(arguments, 0)));
        };
      };
      for (d = 0; d < a.methods.length; d++) a.setAndDefer(a, a.methods[d]);
      a.instance = function (b) {
        b = a._i[b] || [];
        for (var c = 0; c < a.methods.length; c++)
          a.setAndDefer(b, a.methods[c]);
        return b;
      };
      a.load = function (b, c) {
        var f = "https://analytics.tiktok.com/i18n/pixel/events.js";
        a._i = a._i || {};
        a._i[b] = [];
        a._i[b]._u = f;
        a._t = a._t || {};
        a._t[b] = +new Date();
        a._o = a._o || {};
        a._o[b] = c || {};
        c = document.createElement("script");
        c.type = "text/javascript";
        c.async = !0;
        c.src = f + "?sdkid\x3d" + b + "\x26lib\x3d" + e;
        b = document.getElementsByTagName("script")[0];
        b.parentNode.insertBefore(c, b);
      };
      a.load("CPV6UFJC77UA4KP64QDG");
      a.page();
    })(window, document, "ttq");
  </script>
  <script type="text/javascript" id="" charset="">
    !(function (a, b) {
      if (!a.pixie) {
        var c = (a.pixie = function (d, e, f) {
          c.actionQueue.push({ action: d, actionValue: e, params: f });
        });
        c.actionQueue = [];
        a = b.createElement("script");
        a.async = !0;
        a.src = "//acdn.adnxs.com/dmp/up/pixie.js";
        b = b.getElementsByTagName("head")[0];
        b.insertBefore(a, b.firstChild);
      }
    })(window, document);
    pixie("init", "21bbd31f-1169-4711-978e-60cd719776a7");
  </script>

  <script type="text/javascript" id="" charset="">
    pixie("event", "PageView");
  </script>
  <noscript
    ><img
      src="https://ib.adnxs.com/pixie?pi=21bbd31f-1169-4711-978e-60cd719776a7&amp;e=PageView&amp;script=0"
      width="1"
      height="1"
      style="display: none"
  /></noscript>
  <script type="text/javascript" id="" charset="">
    !(function (a, b) {
      var e = "123603";
      if (a.zemApi)
        (b = function (d) {
          return Object.prototype.toString.call(d) === "[object Array]"
            ? d
            : [d];
        }),
          (a.zemApi.marketerId = b(a.zemApi.marketerId).concat(b(e)));
      else {
        var c = (a.zemApi = function () {
          c.dispatch ? c.dispatch.apply(c, arguments) : c.queue.push(arguments);
        });
        c.version = "1.0";
        c.loaded = !0;
        c.marketerId = e;
        c.queue = [];
        a = b.createElement("script");
        a.async = !0;
        a.src = "//js-tag.zemanta.com/zcpt.js";
        a.type = "text/javascript";
        b = b.getElementsByTagName("script")[0];
        b.parentNode.insertBefore(a, b);
      }
    })(window, document);
    zemApi("track", "PAGE_VIEW");
  </script>

  <script type="text/javascript" id="" charset="">
    !(function (b, e, f, g, a, c, d) {
      b.fbq ||
        ((a = b.fbq =
          function () {
            a.callMethod
              ? a.callMethod.apply(a, arguments)
              : a.queue.push(arguments);
          }),
        b._fbq || (b._fbq = a),
        (a.push = a),
        (a.loaded = !0),
        (a.version = "2.0"),
        (a.queue = []),
        (c = e.createElement(f)),
        (c.async = !0),
        (c.src = g),
        (d = e.getElementsByTagName(f)[0]),
        d.parentNode.insertBefore(c, d));
    })(
      window,
      document,
      "script",
      "https://connect.facebook.net/en_US/fbevents.js"
    );
    fbq("init", "4124067844490776");
    fbq("track", "PageView");
  </script>
  <noscript
    ><img
      height="1"
      width="1"
      style="display: none"
      src="https://www.facebook.com/tr?id=4124067844490776&amp;ev=PageView&amp;noscript=1" /></noscript
  ><iframe
    height="0"
    width="0"
    style="display: none; visibility: hidden"
  ></iframe
  ><iframe
    height="0"
    width="0"
    src="https://13926420.fls.doubleclick.net/activityi;src=13926420;type=invmedia;cat=conte0;ord=3312340015936;gdpr=1;gdpr_consent=CQR6V7AQR6V7AAcABBESBsFwAPLAAELAAAYgF5wAgAtgLzAvOACAvMAA.flgACFgAAAAA;gtm_up=1;npa=0;gcldc=CjwKCAjw3MXBBhAzEiwA0vLXQSzUErx4RI3NSCdIAl40PjsqXkKY8gZcJfmDuAkpTGl_B-MQpmgVyhoC7UQQAvD_BwE;gclgs=1;gclst=228929;gcllp=178753329;gclaw=CjwKCAjw3MXBBhAzEiwA0vLXQSzUErx4RI3NSCdIAl40PjsqXkKY8gZcJfmDuAkpTGl_B-MQpmgVyhoC7UQQAvD_BwE;auiddc=1187092208.1748121999;uaa=x86;uab=64;uafvl=Chromium%3B136.0.7103.114%7CGoogle%2520Chrome%3B136.0.7103.114%7CNot.A%252FBrand%3B99.0.0.0;uamb=0;uam=;uap=Windows;uapv=15.0.0;uaw=0;pscdl=noapi;frm=0;_tu=KlA;gtm=45fe55l1v9181651133z8895116575za200zb895116575;gcs=G111;gcd=13r3rPr2r5l1;dma_cps=syphamo;dma=1;dc_fmt=2;tcfd=10s5b;tag_exp=101509157~102015666~103116026~103130498~103130500~103200004~103233427~103252644~103252646~104481633~104481635;ptag_exp=101509157~103116026~103130498~103130500~103200004~103233427~103252644~103252646~104481633~104481635;epver=2;dc_random=1748148800928;_dc_test=1;~oref=https%3A%2F%2Fwww.dia.es%2Fcharcuteria-y-quesos%2Fc%2FL101%3F_gl%3D1*1eh3ztj*_up*MQ..*_gs*MQ..%26gclid%3DCjwKCAjw3MXBBhAzEiwA0vLXQSzUErx4RI3NSCdIAl40PjsqXkKY8gZcJfmDuAkpTGl_B-MQpmgVyhoC7UQQAvD_BwE%26gclsrc%3Daw.ds%26gbraid%3D0AAAAADdKPtLkD2ZoTY5VUSQeWSkerCv-x?"
    style="display: none; visibility: hidden"
  ></iframe
  ><iframe
    allow="join-ad-interest-group"
    data-tagging-id="DC-13926420/invmedia/conte0+standard"
    data-load-time="1748148800931"
    height="0"
    width="0"
    src="https://td.doubleclick.net/td/fls/rul/activityi;fledge=1;src=13926420;type=invmedia;cat=conte0;ord=3312340015936;gdpr=1;gdpr_consent=CQR6V7AQR6V7AAcABBESBsFwAPLAAELAAAYgF5wAgAtgLzAvOACAvMAA.flgACFgAAAAA;gtm_up=1;npa=0;gcldc=CjwKCAjw3MXBBhAzEiwA0vLXQSzUErx4RI3NSCdIAl40PjsqXkKY8gZcJfmDuAkpTGl_B-MQpmgVyhoC7UQQAvD_BwE;gclgs=1;gclst=228929;gcllp=178753329;gclaw=CjwKCAjw3MXBBhAzEiwA0vLXQSzUErx4RI3NSCdIAl40PjsqXkKY8gZcJfmDuAkpTGl_B-MQpmgVyhoC7UQQAvD_BwE;auiddc=1187092208.1748121999;uaa=x86;uab=64;uafvl=Chromium%3B136.0.7103.114%7CGoogle%2520Chrome%3B136.0.7103.114%7CNot.A%252FBrand%3B99.0.0.0;uamb=0;uam=;uap=Windows;uapv=15.0.0;uaw=0;pscdl=noapi;frm=0;_tu=KlA;gtm=45fe55l1v9181651133z8895116575za200zb895116575;gcs=G111;gcd=13r3rPr2r5l1;dma_cps=syphamo;dma=1;dc_fmt=9;tcfd=10s5b;tag_exp=101509157~102015666~103116026~103130498~103130500~103200004~103233427~103252644~103252646~104481633~104481635;ptag_exp=101509157~103116026~103130498~103130500~103200004~103233427~103252644~103252646~104481633~104481635;epver=2;dc_random=1748148800928;_dc_test=1;~oref=https%3A%2F%2Fwww.dia.es%2Fcharcuteria-y-quesos%2Fc%2FL101%3F_gl%3D1*1eh3ztj*_up*MQ..*_gs*MQ..%26gclid%3DCjwKCAjw3MXBBhAzEiwA0vLXQSzUErx4RI3NSCdIAl40PjsqXkKY8gZcJfmDuAkpTGl_B-MQpmgVyhoC7UQQAvD_BwE%26gclsrc%3Daw.ds%26gbraid%3D0AAAAADdKPtLkD2ZoTY5VUSQeWSkerCv-x?"
    style="display: none; visibility: hidden"
  ></iframe>
  <div id="criteo-tags-div" style="display: none"></div>
  <iframe
    height="0"
    width="0"
    src="https://13348433.fls.doubleclick.net/activityi;src=13348433;type=diaecom;cat=dia_e0;ord=2393522564340;gdpr=1;gdpr_consent=CQR6V7AQR6V7AAcABBESBsFwAPLAAELAAAYgF5wAgAtgLzAvOACAvMAA.flgACFgAAAAA;gtm_up=1;npa=0;gcldc=CjwKCAjw3MXBBhAzEiwA0vLXQSzUErx4RI3NSCdIAl40PjsqXkKY8gZcJfmDuAkpTGl_B-MQpmgVyhoC7UQQAvD_BwE;gclgs=1;gclst=229176;gcllp=178753329;gclaw=CjwKCAjw3MXBBhAzEiwA0vLXQSzUErx4RI3NSCdIAl40PjsqXkKY8gZcJfmDuAkpTGl_B-MQpmgVyhoC7UQQAvD_BwE;auiddc=1187092208.1748121999;u2=charcuteria%20y%20quesos%3B%20charcuteria%20y%20quesos%3B%20charcuteria%20y%20quesos%3B%20charcuteria%20y%20quesos%3B%20charcuteria%20y%20quesos;u3=lomo%20chorizo%20fuet%20salchichon%3B%20lomo%20chorizo%20fuet%20salchichon%3B%20lomo%20chorizo%20fuet%20salchichon%3B%20lomo%20chorizo%20fuet%20salchichon%3B%20lomo%20chorizo%20fuet%20salchichon;u4=273988%3B%2037114%3B%20274140%3B%20274063%3B%20273976;u5=undefined;u6=;u8=NotClient;u10=undefined;gdid=dYWJhMj;uaa=x86;uab=64;uafvl=Chromium%3B136.0.7103.114%7CGoogle%2520Chrome%3B136.0.7103.114%7CNot.A%252FBrand%3B99.0.0.0;uamb=0;uam=;uap=Windows;uapv=15.0.0;uaw=0;pscdl=noapi;frm=0;_tu=KlA;gtm=45fe55l1v9135074182z8895116575za200zb895116575;gcs=G111;gcd=13r3rPr2r5l1;dma_cps=syphamo;dma=1;dc_fmt=2;tcfd=10s5b;tag_exp=101509157~103116026~103130498~103130500~103200004~103233427~103252644~103252646~104481633~104481635;ptag_exp=101509157~103116026~103130498~103130500~103200004~103233427~103252644~103252646~104481633~104481635;epver=2;dc_random=1748148801176;_dc_test=1;~oref=https%3A%2F%2Fwww.dia.es%2Fcharcuteria-y-quesos%2Fc%2FL101%3F_gl%3D1*1eh3ztj*_up*MQ..*_gs*MQ..%26gclid%3DCjwKCAjw3MXBBhAzEiwA0vLXQSzUErx4RI3NSCdIAl40PjsqXkKY8gZcJfmDuAkpTGl_B-MQpmgVyhoC7UQQAvD_BwE%26gclsrc%3Daw.ds%26gbraid%3D0AAAAADdKPtLkD2ZoTY5VUSQeWSkerCv-x?"
    style="display: none; visibility: hidden"
  ></iframe
  ><iframe
    allow="join-ad-interest-group"
    data-tagging-id="DC-13348433/diaecom/dia_e0+standard"
    data-load-time="1748148801179"
    height="0"
    width="0"
    src="https://td.doubleclick.net/td/fls/rul/activityi;fledge=1;src=13348433;type=diaecom;cat=dia_e0;ord=2393522564340;gdpr=1;gdpr_consent=CQR6V7AQR6V7AAcABBESBsFwAPLAAELAAAYgF5wAgAtgLzAvOACAvMAA.flgACFgAAAAA;gtm_up=1;npa=0;gcldc=CjwKCAjw3MXBBhAzEiwA0vLXQSzUErx4RI3NSCdIAl40PjsqXkKY8gZcJfmDuAkpTGl_B-MQpmgVyhoC7UQQAvD_BwE;gclgs=1;gclst=229176;gcllp=178753329;gclaw=CjwKCAjw3MXBBhAzEiwA0vLXQSzUErx4RI3NSCdIAl40PjsqXkKY8gZcJfmDuAkpTGl_B-MQpmgVyhoC7UQQAvD_BwE;auiddc=1187092208.1748121999;u2=charcuteria%20y%20quesos%3B%20charcuteria%20y%20quesos%3B%20charcuteria%20y%20quesos%3B%20charcuteria%20y%20quesos%3B%20charcuteria%20y%20quesos;u3=lomo%20chorizo%20fuet%20salchichon%3B%20lomo%20chorizo%20fuet%20salchichon%3B%20lomo%20chorizo%20fuet%20salchichon%3B%20lomo%20chorizo%20fuet%20salchichon%3B%20lomo%20chorizo%20fuet%20salchichon;u4=273988%3B%2037114%3B%20274140%3B%20274063%3B%20273976;u5=undefined;u6=;u8=NotClient;u10=undefined;gdid=dYWJhMj;uaa=x86;uab=64;uafvl=Chromium%3B136.0.7103.114%7CGoogle%2520Chrome%3B136.0.7103.114%7CNot.A%252FBrand%3B99.0.0.0;uamb=0;uam=;uap=Windows;uapv=15.0.0;uaw=0;pscdl=noapi;frm=0;_tu=KlA;gtm=45fe55l1v9135074182z8895116575za200zb895116575;gcs=G111;gcd=13r3rPr2r5l1;dma_cps=syphamo;dma=1;dc_fmt=9;tcfd=10s5b;tag_exp=101509157~103116026~103130498~103130500~103200004~103233427~103252644~103252646~104481633~104481635;ptag_exp=101509157~103116026~103130498~103130500~103200004~103233427~103252644~103252646~104481633~104481635;epver=2;dc_random=1748148801176;_dc_test=1;~oref=https%3A%2F%2Fwww.dia.es%2Fcharcuteria-y-quesos%2Fc%2FL101%3F_gl%3D1*1eh3ztj*_up*MQ..*_gs*MQ..%26gclid%3DCjwKCAjw3MXBBhAzEiwA0vLXQSzUErx4RI3NSCdIAl40PjsqXkKY8gZcJfmDuAkpTGl_B-MQpmgVyhoC7UQQAvD_BwE%26gclsrc%3Daw.ds%26gbraid%3D0AAAAADdKPtLkD2ZoTY5VUSQeWSkerCv-x?"
    style="display: none; visibility: hidden"
  ></iframe
  ><iframe
    height="0"
    width="0"
    src="https://13348433.fls.doubleclick.net/activityi;src=13348433;type=diaecom;cat=dia_e004;ord=464595244773;gdpr=1;gdpr_consent=CQR6V7AQR6V7AAcABBESBsFwAPLAAELAAAYgF5wAgAtgLzAvOACAvMAA.flgACFgAAAAA;gtm_up=1;npa=0;gcldc=CjwKCAjw3MXBBhAzEiwA0vLXQSzUErx4RI3NSCdIAl40PjsqXkKY8gZcJfmDuAkpTGl_B-MQpmgVyhoC7UQQAvD_BwE;gclgs=1;gclst=229180;gcllp=178753329;gclaw=CjwKCAjw3MXBBhAzEiwA0vLXQSzUErx4RI3NSCdIAl40PjsqXkKY8gZcJfmDuAkpTGl_B-MQpmgVyhoC7UQQAvD_BwE;auiddc=1187092208.1748121999;u2=charcuteria%20y%20quesos%3B%20charcuteria%20y%20quesos%3B%20charcuteria%20y%20quesos%3B%20charcuteria%20y%20quesos%3B%20charcuteria%20y%20quesos;u3=lomo%20chorizo%20fuet%20salchichon%3B%20lomo%20chorizo%20fuet%20salchichon%3B%20lomo%20chorizo%20fuet%20salchichon%3B%20lomo%20chorizo%20fuet%20salchichon%3B%20lomo%20chorizo%20fuet%20salchichon;u4=273988%3B%2037114%3B%20274140%3B%20274063%3B%20273976;u5=undefined;u6=;u8=NotClient;u10=undefined;u11=%2Fcharcuteria-y-quesos%2Fc%2FL101;gdid=dYWJhMj;uaa=x86;uab=64;uafvl=Chromium%3B136.0.7103.114%7CGoogle%2520Chrome%3B136.0.7103.114%7CNot.A%252FBrand%3B99.0.0.0;uamb=0;uam=;uap=Windows;uapv=15.0.0;uaw=0;pscdl=noapi;frm=0;_tu=KlA;gtm=45fe55l1v9135074182z8895116575za200zb895116575;gcs=G111;gcd=13r3rPr2r5l1;dma_cps=syphamo;dma=1;dc_fmt=2;tcfd=10s5b;tag_exp=101509157~103116026~103130498~103130500~103200004~103233427~103252644~103252646~104481633~104481635;ptag_exp=101509157~103116026~103130498~103130500~103200004~103233427~103252644~103252646~104481633~104481635;epver=2;dc_random=1748148801179;_dc_test=1;~oref=https%3A%2F%2Fwww.dia.es%2Fcharcuteria-y-quesos%2Fc%2FL101%3F_gl%3D1*1eh3ztj*_up*MQ..*_gs*MQ..%26gclid%3DCjwKCAjw3MXBBhAzEiwA0vLXQSzUErx4RI3NSCdIAl40PjsqXkKY8gZcJfmDuAkpTGl_B-MQpmgVyhoC7UQQAvD_BwE%26gclsrc%3Daw.ds%26gbraid%3D0AAAAADdKPtLkD2ZoTY5VUSQeWSkerCv-x?"
    style="display: none; visibility: hidden"
  ></iframe
  ><iframe
    allow="join-ad-interest-group"
    data-tagging-id="DC-13348433/diaecom/dia_e004+standard"
    data-load-time="1748148801181"
    height="0"
    width="0"
    src="https://td.doubleclick.net/td/fls/rul/activityi;fledge=1;src=13348433;type=diaecom;cat=dia_e004;ord=464595244773;gdpr=1;gdpr_consent=CQR6V7AQR6V7AAcABBESBsFwAPLAAELAAAYgF5wAgAtgLzAvOACAvMAA.flgACFgAAAAA;gtm_up=1;npa=0;gcldc=CjwKCAjw3MXBBhAzEiwA0vLXQSzUErx4RI3NSCdIAl40PjsqXkKY8gZcJfmDuAkpTGl_B-MQpmgVyhoC7UQQAvD_BwE;gclgs=1;gclst=229180;gcllp=178753329;gclaw=CjwKCAjw3MXBBhAzEiwA0vLXQSzUErx4RI3NSCdIAl40PjsqXkKY8gZcJfmDuAkpTGl_B-MQpmgVyhoC7UQQAvD_BwE;auiddc=1187092208.1748121999;u2=charcuteria%20y%20quesos%3B%20charcuteria%20y%20quesos%3B%20charcuteria%20y%20quesos%3B%20charcuteria%20y%20quesos%3B%20charcuteria%20y%20quesos;u3=lomo%20chorizo%20fuet%20salchichon%3B%20lomo%20chorizo%20fuet%20salchichon%3B%20lomo%20chorizo%20fuet%20salchichon%3B%20lomo%20chorizo%20fuet%20salchichon%3B%20lomo%20chorizo%20fuet%20salchichon;u4=273988%3B%2037114%3B%20274140%3B%20274063%3B%20273976;u5=undefined;u6=;u8=NotClient;u10=undefined;u11=%2Fcharcuteria-y-quesos%2Fc%2FL101;gdid=dYWJhMj;uaa=x86;uab=64;uafvl=Chromium%3B136.0.7103.114%7CGoogle%2520Chrome%3B136.0.7103.114%7CNot.A%252FBrand%3B99.0.0.0;uamb=0;uam=;uap=Windows;uapv=15.0.0;uaw=0;pscdl=noapi;frm=0;_tu=KlA;gtm=45fe55l1v9135074182z8895116575za200zb895116575;gcs=G111;gcd=13r3rPr2r5l1;dma_cps=syphamo;dma=1;dc_fmt=9;tcfd=10s5b;tag_exp=101509157~103116026~103130498~103130500~103200004~103233427~103252644~103252646~104481633~104481635;ptag_exp=101509157~103116026~103130498~103130500~103200004~103233427~103252644~103252646~104481633~104481635;epver=2;dc_random=1748148801179;_dc_test=1;~oref=https%3A%2F%2Fwww.dia.es%2Fcharcuteria-y-quesos%2Fc%2FL101%3F_gl%3D1*1eh3ztj*_up*MQ..*_gs*MQ..%26gclid%3DCjwKCAjw3MXBBhAzEiwA0vLXQSzUErx4RI3NSCdIAl40PjsqXkKY8gZcJfmDuAkpTGl_B-MQpmgVyhoC7UQQAvD_BwE%26gclsrc%3Daw.ds%26gbraid%3D0AAAAADdKPtLkD2ZoTY5VUSQeWSkerCv-x?"
    style="display: none; visibility: hidden"
  ></iframe>
  <div id="onetrust-consent-sdk" data-nosnippet="true">
    <div class="onetrust-pc-dark-filter ot-hide ot-fade-in"></div>
    <div
      id="onetrust-pc-sdk"
      class="otPcCenter ot-hide ot-fade-in ot-leg-opt-out ot-leg-btn"
      lang="es"
      aria-label="Preference center"
      role="region"
    >
      <div
        role="dialog"
        aria-modal="true"
        style="height: 100%"
        aria-label="Acerca de tu privacidad"
      >
        <!-- Close Button -->
        <div class="ot-pc-header">
          <!-- Logo Tag -->
          <div
            class="ot-pc-logo"
            role="img"
            aria-label="Logotipo de la empresa"
          >
            <img
              alt="Logotipo de la empresa"
              src="https://cdn.cookielaw.org/logos/95bc96bc-8205-4c3d-88a6-bb6cd784002b/ea49d925-8694-4eb2-a007-cc774c2de0c9/23c1ff60-3c31-4886-afb2-19f45912d280/logoDIA_pastilla.png"
            />
          </div>
        </div>
        <!-- Close Button -->
        <div id="ot-pc-content" class="ot-pc-scrollbar">
          <div class="ot-optout-signal ot-hide">
            <div class="ot-optout-icon">
              <svg xmlns="http://www.w3.org/2000/svg">
                <path
                  class="ot-floating-button__svg-fill"
                  d="M14.588 0l.445.328c1.807 1.303 3.961 2.533 6.461 3.688 2.015.93 4.576 1.746 7.682 2.446 0 14.178-4.73 24.133-14.19 29.864l-.398.236C4.863 30.87 0 20.837 0 6.462c3.107-.7 5.668-1.516 7.682-2.446 2.709-1.251 5.01-2.59 6.906-4.016zm5.87 13.88a.75.75 0 00-.974.159l-5.475 6.625-3.005-2.997-.077-.067a.75.75 0 00-.983 1.13l4.172 4.16 6.525-7.895.06-.083a.75.75 0 00-.16-.973z"
                  fill="#FFF"
                  fill-rule="evenodd"
                ></path>
              </svg>
            </div>
            <span></span>
          </div>
          <h2 id="ot-pc-title">Acerca de tu privacidad</h2>
          <div id="ot-pc-desc">
            Tratamos tus datos para ofrecer contenido o anuncios, y usamos las
            métricas de dicho contenido o anuncios para extraer información
            clave sobre nuestro sitio web. Compartimos esta información con
            nuestros socios en función del consentimiento y los intereses
            legítimos. Además, puedes ejercer tu derecho de consentimiento u
            objetar un interés legítimo, en función de un propósito específico a
            continuación o a nivel de socio en el enlace de cada propósito.
            Estas opciones se destacarán a nuestros proveedores que participan
            en el marco de transparencia y consentimiento. <br /><a
              href="https://www.dia.es/l/politica-cookies"
              class="privacy-notice-link"
              rel="noopener"
              target="_blank"
              aria-label="Más información sobre su privacidad, se abre en una nueva pestaña"
              >Más información</a
            >
          </div>
          <button id="accept-recommended-btn-handler">Permitirlas todas</button>
          <section class="ot-sdk-row ot-cat-grp">
            <h3 id="ot-category-title">
              Gestionar las preferencias de consentimiento
            </h3>
            <div
              class="ot-accordion-layout ot-cat-item ot-vs-config"
              data-optanongroupid="C0001"
            >
              <button
                aria-expanded="false"
                ot-accordion="true"
                aria-controls="ot-desc-id-C0001"
                aria-labelledby="ot-header-id-C0001 ot-status-id-C0001"
              ></button
              ><!-- Accordion header -->
              <div class="ot-acc-hdr ot-always-active-group">
                <div class="ot-plus-minus"><span></span><span></span></div>
                <h4 class="ot-cat-header" id="ot-header-id-C0001">
                  Cookies estrictamente necesarias<span
                    class="ot-pur-vdr-count"
                  >
                    2 proveedores pueden usar este propósito
                  </span>
                </h4>
                <div id="ot-status-id-C0001" class="ot-always-active">
                  Activas siempre
                </div>
              </div>
              <!-- accordion detail -->
              <div class="ot-acc-grpcntr ot-acc-txt">
                <p
                  class="ot-acc-grpdesc ot-category-desc"
                  id="ot-desc-id-C0001"
                >
                  Estas cookies son necesarias para que el sitio web funcione y
                  no se pueden desactivar en nuestros sistemas. Usualmente están
                  configuradas para responder a acciones hechas por usted para
                  recibir servicios, tales como ajustar sus preferencias de
                  privacidad, iniciar sesión en el sitio, o llenar formularios.
                  Usted puede configurar su navegador para bloquear o alertar la
                  presencia de estas cookies, pero algunas partes del sitio web
                  no funcionarán. Estas cookies no guardan ninguna información
                  personal identificable.
                </p>
                <div class="ot-subgrp-cntr">
                  <ul class="ot-subgrps">
                    <li class="ot-subgrp" data-optanongroupid="ISP2V2_1">
                      <h5>
                        Garantizar la seguridad, evitar y detectar fraudes, y
                        eliminar fallos<span class="ot-pur-vdr-count">
                          2 socios pueden usar este propósito especial
                        </span>
                      </h5>
                      <div class="ot-tgl-cntr ot-subgrp-tgl">
                        <div class="ot-tgl ot-hide-tgl">
                          <input
                            type="checkbox"
                            name="switch"
                            id="ot-sub-group-id-ISP2V2_1"
                            role="switch"
                            data-optanongroupid="ISP2V2_1"
                            class="cookie-subgroup-handler"
                            aria-label="Garantizar la seguridad, evitar y detectar fraudes, y eliminar fallos"
                            aria-hidden="true"
                          />
                          <label
                            class="ot-switch"
                            for="ot-sub-group-id-ISP2V2_1"
                            ><span class="ot-switch-nob"></span>
                            <span class="ot-label-txt"
                              >Switch Label</span
                            ></label
                          >
                          <span class="ot-label-status">label</span>
                        </div>
                      </div>
                      <p class="ot-subgrp-desc">
                        Tus datos pueden utilizarse para supervisar y evitar las
                        actividades inusuales y potencialmente fraudulentas (por
                        ejemplo, en relación con la publicidad, o con actividad
                        realizada por bots), así como para asegurar que los
                        sistemas y los procesos funcionen de forma correcta y
                        segura. Asimismo, se puede utilizar para corregir
                        cualquier problema que tú, el editor/medio de
                        comunicación o el anunciante podáis encontraros a la
                        hora de la entrega del contenido y los anuncios, así
                        como en tu interacción con ellos.
                      </p>
                      <button
                        class="ot-link-btn ot-pgph-link ot-pgph-link-subgroup"
                        aria-label="Ver ilustraciones"
                        data-parent-id="ISP2V2_1"
                      >
                        Ver ilustraciones&nbsp;
                      </button>
                    </li>
                  </ul>
                </div>
                <div class="ot-subgrp-cntr">
                  <ul class="ot-subgrps">
                    <li class="ot-subgrp" data-optanongroupid="ISP2V2_2">
                      <h5>
                        Ofrecer y presentar publicidad y contenido
                        <span class="ot-pur-vdr-count">
                          1 socios pueden usar este propósito especial
                        </span>
                      </h5>
                      <div class="ot-tgl-cntr ot-subgrp-tgl">
                        <div class="ot-tgl ot-hide-tgl">
                          <input
                            type="checkbox"
                            name="switch"
                            id="ot-sub-group-id-ISP2V2_2"
                            role="switch"
                            data-optanongroupid="ISP2V2_2"
                            class="cookie-subgroup-handler"
                            aria-label="Ofrecer y presentar publicidad y contenido
"
                            aria-hidden="true"
                          />
                          <label
                            class="ot-switch"
                            for="ot-sub-group-id-ISP2V2_2"
                            ><span class="ot-switch-nob"></span>
                            <span class="ot-label-txt"
                              >Switch Label</span
                            ></label
                          >
                          <span class="ot-label-status">label</span>
                        </div>
                      </div>
                      <p class="ot-subgrp-desc">
                        Cierta información (como una dirección IP o las
                        capacidades del dispositivo) se utiliza para garantizar
                        la compatibilidad técnica del contenido o de la
                        publicidad, así como para facilitar la transmisión del
                        contenido o del anuncio a tu dispositivo.
                      </p>
                      <button
                        class="ot-link-btn ot-pgph-link ot-pgph-link-subgroup"
                        aria-label="Ver ilustraciones"
                        data-parent-id="ISP2V2_2"
                      >
                        Ver ilustraciones&nbsp;
                      </button>
                    </li>
                  </ul>
                </div>
                <div class="ot-subgrp-cntr">
                  <ul class="ot-subgrps">
                    <li class="ot-subgrp" data-optanongroupid="ISP2V2_3">
                      <h5>
                        Guardar y comunicar las preferencias de privacidad<span
                          class="ot-pur-vdr-count"
                        >
                          2 socios pueden usar este propósito especial
                        </span>
                      </h5>
                      <div class="ot-tgl-cntr ot-subgrp-tgl">
                        <div class="ot-tgl ot-hide-tgl">
                          <input
                            type="checkbox"
                            name="switch"
                            id="ot-sub-group-id-ISP2V2_3"
                            role="switch"
                            data-optanongroupid="ISP2V2_3"
                            class="cookie-subgroup-handler"
                            aria-label="Guardar y comunicar las preferencias de privacidad"
                            aria-hidden="true"
                          />
                          <label
                            class="ot-switch"
                            for="ot-sub-group-id-ISP2V2_3"
                            ><span class="ot-switch-nob"></span>
                            <span class="ot-label-txt"
                              >Switch Label</span
                            ></label
                          >
                          <span class="ot-label-status">label</span>
                        </div>
                      </div>
                      <p class="ot-subgrp-desc">
                        Las decisiones que tome con respecto a las finalidades y
                        las entidades enumeradas en este aviso se guardan y se
                        ponen a disposición de dichas entidades en forma de
                        señales digitales (por ejemplo, en forma de cadena de
                        caracteres). Esto es necesario para permitir que tanto
                        este servicio como las entidades respeten dichas
                        preferencias.
                      </p>
                      <button
                        class="ot-link-btn ot-pgph-link ot-pgph-link-subgroup"
                        aria-label="Ver ilustraciones"
                        data-parent-id="ISP2V2_3"
                      >
                        Ver ilustraciones&nbsp;
                      </button>
                    </li>
                  </ul>
                </div>
                <div class="ot-subgrp-cntr">
                  <ul class="ot-subgrps">
                    <li class="ot-subgrp" data-optanongroupid="IFE2V2_1">
                      <h5>
                        Cotejo y combinación de datos procedentes de otras
                        fuentes de información<span class="ot-pur-vdr-count">
                          2 socios pueden usar esta función
                        </span>
                      </h5>
                      <div class="ot-tgl-cntr ot-subgrp-tgl">
                        <div class="ot-tgl ot-hide-tgl">
                          <input
                            type="checkbox"
                            name="switch"
                            id="ot-sub-group-id-IFE2V2_1"
                            role="switch"
                            data-optanongroupid="IFE2V2_1"
                            class="cookie-subgroup-handler"
                            aria-label="Cotejo y combinación de datos procedentes de otras fuentes de información"
                            aria-hidden="true"
                          />
                          <label
                            class="ot-switch"
                            for="ot-sub-group-id-IFE2V2_1"
                            ><span class="ot-switch-nob"></span>
                            <span class="ot-label-txt"
                              >Switch Label</span
                            ></label
                          >
                          <span class="ot-label-status">label</span>
                        </div>
                      </div>
                      <p class="ot-subgrp-desc">
                        La información en relación con tu actividad en este
                        servicio puede cotejarse y combinarse con otra
                        información sobre tu persona procedente de diversas
                        fuentes (por ejemplo, tu actividad en un servicio en
                        línea independiente, tu uso de una tarjeta de
                        fidelización en la tienda o tus respuestas a una
                        encuesta) en apoyo de los fines que se explican en este
                        documento.
                      </p>
                    </li>
                  </ul>
                </div>
                <div class="ot-subgrp-cntr">
                  <ul class="ot-subgrps">
                    <li class="ot-subgrp" data-optanongroupid="IFE2V2_2">
                      <h5>
                        Vincular diferentes dispositivos
                        <span class="ot-pur-vdr-count">
                          2 socios pueden usar esta función
                        </span>
                      </h5>
                      <div class="ot-tgl-cntr ot-subgrp-tgl">
                        <div class="ot-tgl ot-hide-tgl">
                          <input
                            type="checkbox"
                            name="switch"
                            id="ot-sub-group-id-IFE2V2_2"
                            role="switch"
                            data-optanongroupid="IFE2V2_2"
                            class="cookie-subgroup-handler"
                            aria-label="Vincular diferentes dispositivos
"
                            aria-hidden="true"
                          />
                          <label
                            class="ot-switch"
                            for="ot-sub-group-id-IFE2V2_2"
                            ><span class="ot-switch-nob"></span>
                            <span class="ot-label-txt"
                              >Switch Label</span
                            ></label
                          >
                          <span class="ot-label-status">label</span>
                        </div>
                      </div>
                      <p class="ot-subgrp-desc">
                        En apoyo de las finalidades que se explican en este
                        documento, tú dispositivo podría considerarse como
                        vinculado a otros dispositivos que te pertenezcan o sean
                        de tu hogar(por ejemplo, porque ha iniciado sesión en el
                        mismo servicio tanto desde tu teléfono como desde tu
                        ordenador, o porque podrías haber utilizado la misma
                        conexión a Internet en ambos dispositivos).
                      </p>
                    </li>
                  </ul>
                </div>
                <div class="ot-subgrp-cntr">
                  <ul class="ot-subgrps">
                    <li class="ot-subgrp" data-optanongroupid="IFE2V2_3">
                      <h5>
                        Identificación de dispositivos en función de la
                        información transmitida de forma automática<span
                          class="ot-pur-vdr-count"
                        >
                          1 socios pueden usar esta función
                        </span>
                      </h5>
                      <div class="ot-tgl-cntr ot-subgrp-tgl">
                        <div class="ot-tgl ot-hide-tgl">
                          <input
                            type="checkbox"
                            name="switch"
                            id="ot-sub-group-id-IFE2V2_3"
                            role="switch"
                            data-optanongroupid="IFE2V2_3"
                            class="cookie-subgroup-handler"
                            aria-label="Identificación de dispositivos en función de la información transmitida de forma automática"
                            aria-hidden="true"
                          />
                          <label
                            class="ot-switch"
                            for="ot-sub-group-id-IFE2V2_3"
                            ><span class="ot-switch-nob"></span>
                            <span class="ot-label-txt"
                              >Switch Label</span
                            ></label
                          >
                          <span class="ot-label-status">label</span>
                        </div>
                      </div>
                      <p class="ot-subgrp-desc">
                        Tu dispositivo podría distinguirse de otros en función
                        de la información que envía de forma automática al
                        acceder a Internet (por ejemplo, la dirección IP de tu
                        conexión a Internet o el tipo de navegador que estás
                        utilizando) en apoyo de los fines que se exponen en este
                        documento.
                      </p>
                    </li>
                  </ul>
                </div>
                <div class="ot-vlst-cntr">
                  <button
                    class="ot-link-btn category-vendors-list-handler"
                    aria-label="El botón Detalles del proveedor de la IAB abre el menú Lista de proveedores"
                    data-parent-id="C0001"
                  >
                    Lista de proveedores IAB‎
                  </button>
                </div>
                <div class="ot-hlst-cntr">
                  <button
                    class="ot-link-btn category-host-list-handler"
                    aria-label="El botón Detalles de cookies abre el menú Lista de cookies"
                    data-parent-id="C0001"
                  >
                    Información de las cookies‎
                  </button>
                </div>
              </div>
            </div>
            <div
              class="ot-accordion-layout ot-cat-item ot-vs-config"
              data-optanongroupid="C0002"
            >
              <button
                aria-expanded="false"
                ot-accordion="true"
                aria-controls="ot-desc-id-C0002"
                aria-labelledby="ot-header-id-C0002"
              ></button
              ><!-- Accordion header -->
              <div class="ot-acc-hdr">
                <div class="ot-plus-minus"><span></span><span></span></div>
                <h4 class="ot-cat-header" id="ot-header-id-C0002">
                  Cookies de estadísticas
                </h4>
                <div class="ot-tgl">
                  <input
                    type="checkbox"
                    name="ot-group-id-C0002"
                    id="ot-group-id-C0002"
                    role="switch"
                    class="category-switch-handler"
                    data-optanongroupid="C0002"
                    checked=""
                    aria-labelledby="ot-header-id-C0002"
                  />
                  <label class="ot-switch" for="ot-group-id-C0002"
                    ><span class="ot-switch-nob"></span>
                    <span class="ot-label-txt"
                      >Cookies de estadísticas</span
                    ></label
                  >
                </div>
              </div>
              <!-- accordion detail -->
              <div class="ot-acc-grpcntr ot-acc-txt">
                <p
                  class="ot-acc-grpdesc ot-category-desc"
                  id="ot-desc-id-C0002"
                >
                  Estas cookies nos permiten contar las visitas y fuentes de
                  circulación para poder medir y mejorar el desempeño de nuestro
                  sitio. Nos ayudan a saber qué páginas son las más o menos
                  populares, y ver cuántas personas visitan el sitio. Toda la
                  información que recogen estas cookies es agregada y, por lo
                  tanto, anónima. Si no permite estas cookies no sabremos cuándo
                  visitó nuestro sitio, y por lo tanto no podremos saber cuándo
                  lo visitó.
                </p>
                <div class="ot-hlst-cntr">
                  <button
                    class="ot-link-btn category-host-list-handler"
                    aria-label="El botón Detalles de cookies abre el menú Lista de cookies"
                    data-parent-id="C0002"
                  >
                    Información de las cookies‎
                  </button>
                </div>
              </div>
            </div>
            <div
              class="ot-accordion-layout ot-cat-item ot-vs-config"
              data-optanongroupid="C0004"
            >
              <button
                aria-expanded="false"
                ot-accordion="true"
                aria-controls="ot-desc-id-C0004"
                aria-labelledby="ot-header-id-C0004"
              ></button
              ><!-- Accordion header -->
              <div class="ot-acc-hdr">
                <div class="ot-plus-minus"><span></span><span></span></div>
                <h4 class="ot-cat-header" id="ot-header-id-C0004">
                  Cookies de marketing
                </h4>
                <div class="ot-tgl">
                  <input
                    type="checkbox"
                    name="ot-group-id-C0004"
                    id="ot-group-id-C0004"
                    role="switch"
                    class="category-switch-handler"
                    data-optanongroupid="C0004"
                    checked=""
                    aria-labelledby="ot-header-id-C0004"
                  />
                  <label class="ot-switch" for="ot-group-id-C0004"
                    ><span class="ot-switch-nob"></span>
                    <span class="ot-label-txt"
                      >Cookies de marketing</span
                    ></label
                  >
                </div>
              </div>
              <!-- accordion detail -->
              <div class="ot-acc-grpcntr ot-acc-txt">
                <p
                  class="ot-acc-grpdesc ot-category-desc"
                  id="ot-desc-id-C0004"
                >
                  Estas cookies pueden estar en todo el sitio web, colocadas por
                  nuestros socios publicitarios. Estos negocios pueden
                  utilizarlas para crear un perfil de sus intereses y mostrarle
                  anuncios relevantes en otros sitios. No almacenan información
                  personal directamente, sino que se basan en la identificación
                  única de su navegador y dispositivo de acceso al Internet. Si
                  no permite estas cookies, tendrá menos publicidad dirigida.
                </p>
                <div class="ot-hlst-cntr">
                  <button
                    class="ot-link-btn category-host-list-handler"
                    aria-label="El botón Detalles de cookies abre el menú Lista de cookies"
                    data-parent-id="C0004"
                  >
                    Información de las cookies‎
                  </button>
                </div>
              </div>
            </div>
            <div
              class="ot-accordion-layout ot-cat-item ot-vs-config"
              data-optanongroupid="IAB2V2_1"
            >
              <button
                aria-expanded="false"
                ot-accordion="true"
                aria-controls="ot-desc-id-IAB2V2_1"
                aria-labelledby="ot-header-id-IAB2V2_1"
              ></button
              ><!-- Accordion header -->
              <div class="ot-acc-hdr">
                <div class="ot-plus-minus"><span></span><span></span></div>
                <h4 class="ot-cat-header" id="ot-header-id-IAB2V2_1">
                  Almacenar la información en un dispositivo y/o acceder a ella

                  <span class="ot-pur-vdr-count">
                    2 proveedores pueden usar este propósito
                  </span>
                </h4>
                <div class="ot-tgl">
                  <input
                    type="checkbox"
                    name="ot-group-id-IAB2V2_1"
                    id="ot-group-id-IAB2V2_1"
                    role="switch"
                    class="category-switch-handler"
                    data-optanongroupid="IAB2V2_1"
                    checked=""
                    aria-labelledby="ot-header-id-IAB2V2_1"
                  />
                  <label class="ot-switch" for="ot-group-id-IAB2V2_1"
                    ><span class="ot-switch-nob"></span>
                    <span class="ot-label-txt"
                      >Almacenar la información en un dispositivo y/o acceder a
                      ella
                    </span></label
                  >
                </div>
              </div>
              <!-- accordion detail -->
              <div class="ot-acc-grpcntr ot-acc-txt">
                <p
                  class="ot-acc-grpdesc ot-category-desc"
                  id="ot-desc-id-IAB2V2_1"
                >
                  Las cookies, los identificadores de dispositivos o los
                  identificadores online de similares características (p. ej.,
                  los identificadores basados en inicio de sesión, los
                  identificadores asignados aleatoriamente, los identificadores
                  basados en la red), junto con otra información (p. ej., la
                  información y el tipo del navegador, el idioma, el tamaño de
                  la pantalla, las tecnologías compatibles, etc.), pueden
                  almacenarse o leerse en tu dispositivo a fin de reconocerlo
                  siempre que se conecte a una aplicación o a una página web
                  para una o varias de los finalidades que se recogen en el
                  presente texto.
                </p>
                <div class="ot-vlst-cntr">
                  <button
                    class="ot-link-btn category-vendors-list-handler"
                    aria-label="El botón Detalles del proveedor de la IAB abre el menú Lista de proveedores"
                    data-parent-id="IAB2V2_1"
                  >
                    Lista de proveedores IAB‎</button
                  ><button
                    class="ot-link-btn ot-pgph-link"
                    aria-label="Ver ilustraciones"
                    data-parent-id="IAB2V2_1"
                  >
                    &nbsp;|&nbsp;Ver ilustraciones&nbsp;
                  </button>
                </div>
              </div>
            </div>
            <div
              class="ot-accordion-layout ot-cat-item ot-vs-config"
              data-optanongroupid="V2STACK42"
            >
              <button
                aria-expanded="false"
                ot-accordion="true"
                aria-controls="ot-desc-id-V2STACK42"
                aria-labelledby="ot-header-id-V2STACK42"
              ></button
              ><!-- Accordion header -->
              <div class="ot-acc-hdr">
                <div class="ot-plus-minus"><span></span><span></span></div>
                <h4 class="ot-cat-header" id="ot-header-id-V2STACK42">
                  Publicidad y contenido personalizados, medición de publicidad
                  y contenido, investigación de audiencia y desarrollo de
                  servicios
                  <span class="ot-pur-vdr-count">
                    2 proveedores pueden usar este propósito
                  </span>
                </h4>
                <div class="ot-tgl">
                  <input
                    type="checkbox"
                    name="ot-group-id-V2STACK42"
                    id="ot-group-id-V2STACK42"
                    role="switch"
                    class="category-switch-handler"
                    data-optanongroupid="V2STACK42"
                    checked=""
                    aria-labelledby="ot-header-id-V2STACK42"
                  />
                  <label class="ot-switch" for="ot-group-id-V2STACK42"
                    ><span class="ot-switch-nob"></span>
                    <span class="ot-label-txt"
                      >Publicidad y contenido personalizados, medición de
                      publicidad y contenido, investigación de audiencia y
                      desarrollo de servicios
                    </span></label
                  >
                </div>
              </div>
              <!-- accordion detail -->
              <div class="ot-acc-grpcntr ot-acc-txt">
                <div class="ot-subgrp-cntr">
                  <ul class="ot-subgrps">
                    <li class="ot-subgrp" data-optanongroupid="IAB2V2_2">
                      <h5>
                        Uso de datos limitados para seleccionar anuncios
                        básicos<span class="ot-pur-vdr-count">
                          2 proveedores pueden usar este propósito
                        </span>
                      </h5>
                      <div class="ot-tgl-cntr ot-subgrp-tgl">
                        <div class="ot-tgl">
                          <input
                            type="checkbox"
                            name="switch"
                            id="ot-sub-group-id-IAB2V2_2"
                            role="switch"
                            data-optanongroupid="IAB2V2_2"
                            class="cookie-subgroup-handler"
                            aria-label="Uso de datos limitados para seleccionar anuncios básicos"
                            checked=""
                          />
                          <label
                            class="ot-switch"
                            for="ot-sub-group-id-IAB2V2_2"
                            ><span class="ot-switch-nob"></span>
                            <span class="ot-label-txt"
                              >Switch Label</span
                            ></label
                          >
                        </div>
                      </div>
                      <p class="ot-subgrp-desc">
                        La publicidad que se presenta en este servicio puede
                        basarse en datos limitados, tales como la página web o
                        la aplicación que esté utilizando, tu ubicación no
                        precisa, el tipo de dispositivo o el contenido con el
                        que está interactuando (o con el que ha interactuado)
                        (por ejemplo, para limitar el número de veces que se
                        presenta un anuncio concreto).
                      </p>
                      <button
                        class="ot-link-btn ot-pgph-link ot-pgph-link-subgroup"
                        aria-label="Ver ilustraciones"
                        data-parent-id="IAB2V2_2"
                      >
                        Ver ilustraciones&nbsp;
                      </button>
                      <div
                        class="ot-leg-btn-container"
                        data-group-id="IAB2V2_2"
                        data-el-id="IAB2V2_2-leg-out"
                        is-vendor="false"
                      >
                        <button
                          class="ot-obj-leg-btn-handler ot-leg-int-enabled ot-inactive-leg-btn"
                        >
                          <svg
                            xmlns="http://www.w3.org/2000/svg"
                            xmlns:xlink="http://www.w3.org/1999/xlink"
                            x="0px"
                            y="0px"
                            viewBox="0 0 512 512"
                          >
                            <path
                              fill="#FFFFFF"
                              d="M173.898 439.404l-166.4-166.4c-9.997-9.997-9.997-26.206 0-36.204l36.203-36.204c9.997-9.998 26.207-9.998 36.204 0L192 312.69 432.095 72.596c9.997-9.997 26.207-9.997 36.204 0l36.203 36.204c9.997 9.997 9.997 26.206 0 36.204l-294.4 294.401c-9.998 9.997-26.207 9.997-36.204-.001z"
                            ></path>
                          </svg>
                          <span>Objectión al Interés Legítimo </span>
                        </button>
                        <button
                          class="ot-remove-objection-handler"
                          data-style="color:#c8030f; display:none;"
                          style="color: #c8030f; display: none"
                        >
                          Retirar la objeción
                        </button>
                      </div>
                    </li>
                  </ul>
                </div>
                <div class="ot-subgrp-cntr">
                  <ul class="ot-subgrps">
                    <li class="ot-subgrp" data-optanongroupid="IAB2V2_3">
                      <h5>
                        Crear perfiles para publicidad personalizada
                        <span class="ot-pur-vdr-count">
                          2 proveedores pueden usar este propósito
                        </span>
                      </h5>
                      <div class="ot-tgl-cntr ot-subgrp-tgl">
                        <div class="ot-tgl">
                          <input
                            type="checkbox"
                            name="switch"
                            id="ot-sub-group-id-IAB2V2_3"
                            role="switch"
                            data-optanongroupid="IAB2V2_3"
                            class="cookie-subgroup-handler"
                            aria-label="Crear perfiles para publicidad personalizada
"
                            checked=""
                          />
                          <label
                            class="ot-switch"
                            for="ot-sub-group-id-IAB2V2_3"
                            ><span class="ot-switch-nob"></span>
                            <span class="ot-label-txt"
                              >Switch Label</span
                            ></label
                          >
                        </div>
                      </div>
                      <p class="ot-subgrp-desc">
                        La información sobre tu actividad en este servicio (por
                        ejemplo, los formularios que rellenes, el contenido que
                        estás consumiendo) puede almacenarse y combinarse con
                        otra información que se tenga sobre tu persona o sobre
                        usuarios similares(por ejemplo, información sobre tu
                        actividad previa en este servicio y en otras páginas web
                        o aplicaciones). Posteriormente, esto se utilizará para
                        crear o mejorar un perfil sobre tu persona (que podría
                        incluir posibles intereses y aspectos personales). Tu
                        perfil puede utilizarse (también en un momento
                        posterior) para mostrarte publicidad que pueda parecerte
                        más relevante en función de tus posibles intereses, ya
                        sea por parte nuestra o de terceros.
                      </p>
                      <button
                        class="ot-link-btn ot-pgph-link ot-pgph-link-subgroup"
                        aria-label="Ver ilustraciones"
                        data-parent-id="IAB2V2_3"
                      >
                        Ver ilustraciones&nbsp;
                      </button>
                    </li>
                  </ul>
                </div>
                <div class="ot-subgrp-cntr">
                  <ul class="ot-subgrps">
                    <li class="ot-subgrp" data-optanongroupid="IAB2V2_4">
                      <h5>
                        Utilizar perfiles para seleccionar la publicidad
                        personalizada
                        <span class="ot-pur-vdr-count">
                          2 proveedores pueden usar este propósito
                        </span>
                      </h5>
                      <div class="ot-tgl-cntr ot-subgrp-tgl">
                        <div class="ot-tgl">
                          <input
                            type="checkbox"
                            name="switch"
                            id="ot-sub-group-id-IAB2V2_4"
                            role="switch"
                            data-optanongroupid="IAB2V2_4"
                            class="cookie-subgroup-handler"
                            aria-label="Utilizar perfiles para seleccionar la publicidad personalizada
"
                            checked=""
                          />
                          <label
                            class="ot-switch"
                            for="ot-sub-group-id-IAB2V2_4"
                            ><span class="ot-switch-nob"></span>
                            <span class="ot-label-txt"
                              >Switch Label</span
                            ></label
                          >
                        </div>
                      </div>
                      <p class="ot-subgrp-desc">
                        La publicidad presentada en este servicio puede basarse
                        en tus perfiles publicitarios, que pueden reflejar
                        tuactividad en este servicio, en otras páginas web o
                        aplicaciones (tales como los formularios con los que
                        interactuas o el contenido que visualizas), tus posibles
                        intereses y los aspectos personales.
                      </p>
                      <button
                        class="ot-link-btn ot-pgph-link ot-pgph-link-subgroup"
                        aria-label="Ver ilustraciones"
                        data-parent-id="IAB2V2_4"
                      >
                        Ver ilustraciones&nbsp;
                      </button>
                    </li>
                  </ul>
                </div>
                <div class="ot-subgrp-cntr">
                  <ul class="ot-subgrps">
                    <li class="ot-subgrp" data-optanongroupid="IAB2V2_7">
                      <h5>
                        Medir el rendimiento de la publicidad<span
                          class="ot-pur-vdr-count"
                        >
                          2 proveedores pueden usar este propósito
                        </span>
                      </h5>
                      <div class="ot-tgl-cntr ot-subgrp-tgl">
                        <div class="ot-tgl">
                          <input
                            type="checkbox"
                            name="switch"
                            id="ot-sub-group-id-IAB2V2_7"
                            role="switch"
                            data-optanongroupid="IAB2V2_7"
                            class="cookie-subgroup-handler"
                            aria-label="Medir el rendimiento de la publicidad"
                            checked=""
                          />
                          <label
                            class="ot-switch"
                            for="ot-sub-group-id-IAB2V2_7"
                            ><span class="ot-switch-nob"></span>
                            <span class="ot-label-txt"
                              >Switch Label</span
                            ></label
                          >
                        </div>
                      </div>
                      <p class="ot-subgrp-desc">
                        La información sobre qué publicidad se te presenta y
                        sobre la forma en que interactúas con ella puede
                        utilizarse para determinar lo bien que ha funcionado un
                        anuncio en tu caso o en el de otros usuarios y si se han
                        alcanzado los objetivos publicitarios. Por ejemplo, si
                        has visualizado un anuncio, si has hecho clic sobre el
                        mismo, si eso te ha llevado posteriormente a comprar un
                        producto o a visitar una página web, etc. Esto resulta
                        muy útil para comprender la relevancia de las campañas
                        publicitarias.
                      </p>
                      <button
                        class="ot-link-btn ot-pgph-link ot-pgph-link-subgroup"
                        aria-label="Ver ilustraciones"
                        data-parent-id="IAB2V2_7"
                      >
                        Ver ilustraciones&nbsp;
                      </button>
                      <div
                        class="ot-leg-btn-container"
                        data-group-id="IAB2V2_7"
                        data-el-id="IAB2V2_7-leg-out"
                        is-vendor="false"
                      >
                        <button
                          class="ot-obj-leg-btn-handler ot-leg-int-enabled ot-inactive-leg-btn"
                        >
                          <svg
                            xmlns="http://www.w3.org/2000/svg"
                            xmlns:xlink="http://www.w3.org/1999/xlink"
                            x="0px"
                            y="0px"
                            viewBox="0 0 512 512"
                          >
                            <path
                              fill="#FFFFFF"
                              d="M173.898 439.404l-166.4-166.4c-9.997-9.997-9.997-26.206 0-36.204l36.203-36.204c9.997-9.998 26.207-9.998 36.204 0L192 312.69 432.095 72.596c9.997-9.997 26.207-9.997 36.204 0l36.203 36.204c9.997 9.997 9.997 26.206 0 36.204l-294.4 294.401c-9.998 9.997-26.207 9.997-36.204-.001z"
                            ></path>
                          </svg>
                          <span>Objectión al Interés Legítimo </span>
                        </button>
                        <button
                          class="ot-remove-objection-handler"
                          data-style="color:#c8030f; display:none;"
                          style="color: #c8030f; display: none"
                        >
                          Retirar la objeción
                        </button>
                      </div>
                    </li>
                  </ul>
                </div>
                <div class="ot-subgrp-cntr">
                  <ul class="ot-subgrps">
                    <li class="ot-subgrp" data-optanongroupid="IAB2V2_9">
                      <h5>
                        Comprender al público a través de estadísticas o a
                        través de la combinación de datos procedentes de
                        diferentes fuentes<span class="ot-pur-vdr-count">
                          2 proveedores pueden usar este propósito
                        </span>
                      </h5>
                      <div class="ot-tgl-cntr ot-subgrp-tgl">
                        <div class="ot-tgl">
                          <input
                            type="checkbox"
                            name="switch"
                            id="ot-sub-group-id-IAB2V2_9"
                            role="switch"
                            data-optanongroupid="IAB2V2_9"
                            class="cookie-subgroup-handler"
                            aria-label="Comprender al público a través de estadísticas o a través de la combinación de datos procedentes de diferentes fuentes"
                            checked=""
                          />
                          <label
                            class="ot-switch"
                            for="ot-sub-group-id-IAB2V2_9"
                            ><span class="ot-switch-nob"></span>
                            <span class="ot-label-txt"
                              >Switch Label</span
                            ></label
                          >
                        </div>
                      </div>
                      <p class="ot-subgrp-desc">
                        Se pueden generar informes basados en la combinación de
                        conjuntos de datos (como perfiles de usuario,
                        estadísticas, estudios de mercado, datos analíticos)
                        respecto a tus interacciones y las de otros usuarios con
                        el contenido publicitario (o no publicitario) para
                        identificar las características comunes (por ejemplo,
                        para determinar qué público objetivo es más receptivo a
                        una campaña publicitaria o a ciertos contenidos).
                      </p>
                      <button
                        class="ot-link-btn ot-pgph-link ot-pgph-link-subgroup"
                        aria-label="Ver ilustraciones"
                        data-parent-id="IAB2V2_9"
                      >
                        Ver ilustraciones&nbsp;
                      </button>
                      <div
                        class="ot-leg-btn-container"
                        data-group-id="IAB2V2_9"
                        data-el-id="IAB2V2_9-leg-out"
                        is-vendor="false"
                      >
                        <button
                          class="ot-obj-leg-btn-handler ot-leg-int-enabled ot-inactive-leg-btn"
                        >
                          <svg
                            xmlns="http://www.w3.org/2000/svg"
                            xmlns:xlink="http://www.w3.org/1999/xlink"
                            x="0px"
                            y="0px"
                            viewBox="0 0 512 512"
                          >
                            <path
                              fill="#FFFFFF"
                              d="M173.898 439.404l-166.4-166.4c-9.997-9.997-9.997-26.206 0-36.204l36.203-36.204c9.997-9.998 26.207-9.998 36.204 0L192 312.69 432.095 72.596c9.997-9.997 26.207-9.997 36.204 0l36.203 36.204c9.997 9.997 9.997 26.206 0 36.204l-294.4 294.401c-9.998 9.997-26.207 9.997-36.204-.001z"
                            ></path>
                          </svg>
                          <span>Objectión al Interés Legítimo </span>
                        </button>
                        <button
                          class="ot-remove-objection-handler"
                          data-style="color:#c8030f; display:none;"
                          style="color: #c8030f; display: none"
                        >
                          Retirar la objeción
                        </button>
                      </div>
                    </li>
                  </ul>
                </div>
                <div class="ot-subgrp-cntr">
                  <ul class="ot-subgrps">
                    <li class="ot-subgrp" data-optanongroupid="IAB2V2_10">
                      <h5>
                        Desarrollo y mejora de los servicios<span
                          class="ot-pur-vdr-count"
                        >
                          2 proveedores pueden usar este propósito
                        </span>
                      </h5>
                      <div class="ot-tgl-cntr ot-subgrp-tgl">
                        <div class="ot-tgl">
                          <input
                            type="checkbox"
                            name="switch"
                            id="ot-sub-group-id-IAB2V2_10"
                            role="switch"
                            data-optanongroupid="IAB2V2_10"
                            class="cookie-subgroup-handler"
                            aria-label="Desarrollo y mejora de los servicios"
                            checked=""
                          />
                          <label
                            class="ot-switch"
                            for="ot-sub-group-id-IAB2V2_10"
                            ><span class="ot-switch-nob"></span>
                            <span class="ot-label-txt"
                              >Switch Label</span
                            ></label
                          >
                        </div>
                      </div>
                      <p class="ot-subgrp-desc">
                        La información sobre tu actividad en este servicio, como
                        tu interacción con los anuncios o con el contenido,
                        puede resultar muy útil para mejorar productos y
                        servicios, así como para crear otros nuevos en base a
                        las interacciones de los usuarios, el tipo de audiencia,
                        etc. Esta finalidad específica no incluye el desarrollo
                        ni la mejora de los perfiles de usuario y de
                        identificadores.
                      </p>
                      <button
                        class="ot-link-btn ot-pgph-link ot-pgph-link-subgroup"
                        aria-label="Ver ilustraciones"
                        data-parent-id="IAB2V2_10"
                      >
                        Ver ilustraciones&nbsp;
                      </button>
                      <div
                        class="ot-leg-btn-container"
                        data-group-id="IAB2V2_10"
                        data-el-id="IAB2V2_10-leg-out"
                        is-vendor="false"
                      >
                        <button
                          class="ot-obj-leg-btn-handler ot-leg-int-enabled ot-inactive-leg-btn"
                        >
                          <svg
                            xmlns="http://www.w3.org/2000/svg"
                            xmlns:xlink="http://www.w3.org/1999/xlink"
                            x="0px"
                            y="0px"
                            viewBox="0 0 512 512"
                          >
                            <path
                              fill="#FFFFFF"
                              d="M173.898 439.404l-166.4-166.4c-9.997-9.997-9.997-26.206 0-36.204l36.203-36.204c9.997-9.998 26.207-9.998 36.204 0L192 312.69 432.095 72.596c9.997-9.997 26.207-9.997 36.204 0l36.203 36.204c9.997 9.997 9.997 26.206 0 36.204l-294.4 294.401c-9.998 9.997-26.207 9.997-36.204-.001z"
                            ></path>
                          </svg>
                          <span>Objectión al Interés Legítimo </span>
                        </button>
                        <button
                          class="ot-remove-objection-handler"
                          data-style="color:#c8030f; display:none;"
                          style="color: #c8030f; display: none"
                        >
                          Retirar la objeción
                        </button>
                      </div>
                    </li>
                  </ul>
                </div>
                <div class="ot-vlst-cntr">
                  <button
                    class="ot-link-btn category-vendors-list-handler"
                    aria-label="El botón Detalles del proveedor de la IAB abre el menú Lista de proveedores"
                    data-parent-id="V2STACK42"
                  >
                    Lista de proveedores IAB‎
                  </button>
                </div>
              </div>
            </div>
            <!-- Groups sections starts --><!-- Group section ends --><!-- Accordion Group section starts --><!-- Accordion Group section ends -->
          </section>
        </div>
        <section id="ot-pc-lst" class="ot-hide ot-hosts-ui ot-pc-scrollbar">
          <div id="ot-pc-hdr">
            <div id="ot-lst-title">
              <button class="ot-link-btn back-btn-handler" aria-label="Back">
                <svg
                  id="ot-back-arw"
                  xmlns="http://www.w3.org/2000/svg"
                  xmlns:xlink="http://www.w3.org/1999/xlink"
                  x="0px"
                  y="0px"
                  viewBox="0 0 444.531 444.531"
                  xml:space="preserve"
                >
                  <title>Back Button</title>
                  <g>
                    <path
                      fill="#656565"
                      d="M213.13,222.409L351.88,83.653c7.05-7.043,10.567-15.657,10.567-25.841c0-10.183-3.518-18.793-10.567-25.835
                    l-21.409-21.416C323.432,3.521,314.817,0,304.637,0s-18.791,3.521-25.841,10.561L92.649,196.425
                    c-7.044,7.043-10.566,15.656-10.566,25.841s3.521,18.791,10.566,25.837l186.146,185.864c7.05,7.043,15.66,10.564,25.841,10.564
                    s18.795-3.521,25.834-10.564l21.409-21.412c7.05-7.039,10.567-15.604,10.567-25.697c0-10.085-3.518-18.746-10.567-25.978
                    L213.13,222.409z"
                    ></path>
                  </g>
                </svg>
              </button>
              <h3>Lista de cookies</h3>
            </div>
            <div class="ot-lst-subhdr">
              <div class="ot-search-cntr">
                <p role="status" class="ot-scrn-rdr"></p>
                <input
                  id="vendor-search-handler"
                  type="text"
                  name="vendor-search-handler"
                  placeholder="Buscar..."
                  aria-label="Búsqueda en la lista de cookies"
                />
                <svg
                  xmlns="http://www.w3.org/2000/svg"
                  xmlns:xlink="http://www.w3.org/1999/xlink"
                  x="0px"
                  y="0px"
                  viewBox="0 -30 110 110"
                  aria-hidden="true"
                >
                  <title>Search Icon</title>
                  <path
                    fill="#2e3644"
                    d="M55.146,51.887L41.588,37.786c3.486-4.144,5.396-9.358,5.396-14.786c0-12.682-10.318-23-23-23s-23,10.318-23,23
            s10.318,23,23,23c4.761,0,9.298-1.436,13.177-4.162l13.661,14.208c0.571,0.593,1.339,0.92,2.162,0.92
            c0.779,0,1.518-0.297,2.079-0.837C56.255,54.982,56.293,53.08,55.146,51.887z M23.984,6c9.374,0,17,7.626,17,17s-7.626,17-17,17
            s-17-7.626-17-17S14.61,6,23.984,6z"
                  ></path>
                </svg>
              </div>
              <div class="ot-fltr-cntr">
                <button
                  id="filter-btn-handler"
                  aria-label="Filter"
                  aria-haspopup="true"
                >
                  <svg
                    role="presentation"
                    aria-hidden="true"
                    xmlns="http://www.w3.org/2000/svg"
                    xmlns:xlink="http://www.w3.org/1999/xlink"
                    x="0px"
                    y="0px"
                    viewBox="0 0 402.577 402.577"
                    xml:space="preserve"
                  >
                    <title>Filter Icon</title>
                    <g>
                      <path
                        fill="#fff"
                        d="M400.858,11.427c-3.241-7.421-8.85-11.132-16.854-11.136H18.564c-7.993,0-13.61,3.715-16.846,11.136
      c-3.234,7.801-1.903,14.467,3.999,19.985l140.757,140.753v138.755c0,4.955,1.809,9.232,5.424,12.854l73.085,73.083
      c3.429,3.614,7.71,5.428,12.851,5.428c2.282,0,4.66-0.479,7.135-1.43c7.426-3.238,11.14-8.851,11.14-16.845V172.166L396.861,31.413
      C402.765,25.895,404.093,19.231,400.858,11.427z"
                      ></path>
                    </g>
                  </svg>
                </button>
              </div>
              <div id="ot-anchor"></div>
              <section id="ot-fltr-modal">
                <div id="ot-fltr-cnt">
                  <button id="clear-filters-handler">Clear</button>
                  <div class="ot-fltr-scrlcnt ot-pc-scrollbar">
                    <div class="ot-fltr-opts">
                      <div class="ot-fltr-opt">
                        <div class="ot-chkbox">
                          <input
                            id="chkbox-id"
                            type="checkbox"
                            class="category-filter-handler"
                          />
                          <label for="chkbox-id"
                            ><span class="ot-label-txt"
                              >checkbox label</span
                            ></label
                          >
                          <span class="ot-label-status">label</span>
                        </div>
                      </div>
                    </div>
                    <div class="ot-fltr-btns">
                      <button id="filter-apply-handler">Apply</button>
                      <button id="filter-cancel-handler">Cancel</button>
                    </div>
                  </div>
                </div>
              </section>
            </div>
          </div>
          <section id="ot-lst-cnt" class="ot-host-cnt ot-pc-scrollbar">
            <div id="ot-sel-blk">
              <div class="ot-sel-all">
                <div class="ot-sel-all-hdr">
                  <span class="ot-consent-hdr">Consent</span>
                  <span class="ot-li-hdr">Leg.Interest</span>
                </div>
                <div class="ot-sel-all-chkbox">
                  <div class="ot-chkbox" id="ot-selall-hostcntr">
                    <input
                      id="select-all-hosts-groups-handler"
                      type="checkbox"
                    />
                    <label for="select-all-hosts-groups-handler"
                      ><span class="ot-label-txt">checkbox label</span></label
                    >
                    <span class="ot-label-status">label</span>
                  </div>
                  <div class="ot-chkbox" id="ot-selall-vencntr">
                    <input
                      id="select-all-vendor-groups-handler"
                      type="checkbox"
                    />
                    <label for="select-all-vendor-groups-handler"
                      ><span class="ot-label-txt">checkbox label</span></label
                    >
                    <span class="ot-label-status">label</span>
                  </div>
                  <div class="ot-chkbox" id="ot-selall-licntr">
                    <input id="select-all-vendor-leg-handler" type="checkbox" />
                    <label for="select-all-vendor-leg-handler"
                      ><span class="ot-label-txt">checkbox label</span></label
                    >
                    <span class="ot-label-status">label</span>
                  </div>
                </div>
              </div>
            </div>
            <div class="ot-sdk-row">
              <div class="ot-sdk-column">
                <ul id="ot-host-lst"></ul>
                <ul id="ot-ven-lst"></ul>
              </div>
            </div>
          </section>
        </section>
        <div class="ot-pc-footer ot-pc-scrollbar">
          <div class="ot-btn-container">
            <button class="ot-pc-refuse-all-handler">Rechazarlas todas</button>
            <button
              class="save-preference-btn-handler onetrust-close-btn-handler"
            >
              Confirmar mis preferencias
            </button>
          </div>
          <!-- Footer logo -->
          <div class="ot-pc-footer-logo">
            <a
              href="https://www.onetrust.com/products/cookie-consent/"
              target="_blank"
              rel="noopener noreferrer"
              aria-label="Powered by OneTrust Se abre en una nueva pestaña"
              ><img
                alt="Powered by Onetrust"
                src="https://cdn.cookielaw.org/logos/static/powered_by_logo.svg"
                title="Powered by OneTrust Se abre en una nueva pestaña"
            /></a>
          </div>
        </div>
        <!-- Cookie subgroup container --><!-- Vendor list link --><!-- Cookie lost link --><!-- Toggle HTML element --><!-- Checkbox HTML --><!-- plus minus--><!-- Arrow SVG element --><!-- Accordion basic element --><span
          class="ot-scrn-rdr"
          aria-atomic="true"
          aria-live="polite"
        ></span
        ><!-- Vendor Service container and item template -->
      </div>
      <iframe
        class="ot-text-resize"
        sandbox="allow-same-origin"
        title="onetrust-text-resize"
        style="position: absolute; top: -50000px; width: 100em"
        aria-hidden="true"
      ></iframe>
    </div>
    <div
      id="ot-sdk-btn-floating"
      class="ot-floating-button"
      data-title="Gestionar las preferencias"
    >
      <div class="ot-floating-button__front custom-persistent-icon">
        <button
          type="button"
          class="ot-floating-button__open"
          aria-label="Abrir preferencias"
        ></button>
      </div>
      <div class="ot-floating-button__back custom-persistent-icon">
        <button
          type="button"
          class="ot-floating-button__close"
          aria-label="Cerrar preferencias"
          aria-hidden="true"
          style="display: none"
        >
          <!--?xml version="1.0" encoding="UTF-8"?-->
          <svg
            role="presentation"
            tabindex="-1"
            viewBox="0 0 24 24"
            version="1.1"
            xmlns="http://www.w3.org/2000/svg"
          >
            <g
              id="Page-1"
              stroke="none"
              stroke-width="1"
              fill="none"
              fill-rule="evenodd"
            >
              <g
                id="Banner_02"
                class="ot-floating-button__svg-fill"
                transform="translate(-318.000000, -725.000000)"
                fill="#ffffff"
                fill-rule="nonzero"
              >
                <g id="Group-2" transform="translate(305.000000, 712.000000)">
                  <g id="icon/16px/white/close">
                    <polygon
                      id="Line1"
                      points="13.3333333 14.9176256 35.0823744 36.6666667 36.6666667 35.0823744 14.9176256 13.3333333"
                    ></polygon>
                    <polygon
                      id="Line2"
                      transform="translate(25.000000, 25.000000) scale(-1, 1) translate(-25.000000, -25.000000) "
                      points="13.3333333 14.9176256 35.0823744 36.6666667 36.6666667 35.0823744 14.9176256 13.3333333"
                    ></polygon>
                  </g>
                </g>
              </g>
            </g>
          </svg>
        </button>
      </div>
    </div>
  </div>
</body>
